TIME,MIN,MAX,OTHER
20140801 000006920,1.687420,1.687720,0
20140801 000007920,1.687430,1.687730,0
20140801 000103667,1.687420,1.687720,0
20140801 000104417,1.687430,1.687730,0
20140801 000106917,1.687420,1.687720,0
20140801 000109683,1.687410,1.687710,0
20140801 000148183,1.687420,1.687720,0
20140801 000157683,1.687430,1.687730,0
20140801 000206200,1.687420,1.687720,0
20140801 000206933,1.687430,1.687730,0
20140801 000207433,1.687420,1.687720,0
20140801 000207683,1.687430,1.687730,0
20140801 000208433,1.687420,1.687720,0
20140801 000208933,1.687430,1.687730,0
20140801 000246917,1.687420,1.687720,0
20140801 000251667,1.687430,1.687730,0
20140801 000252417,1.687420,1.687720,0
20140801 000408073,1.687410,1.687710,0
20140801 000408417,1.687420,1.687720,0
20140801 000410167,1.687430,1.687730,0
20140801 000420417,1.687420,1.687720,0
20140801 000420667,1.687430,1.687730,0
20140801 000513917,1.687420,1.687720,0
20140801 000514167,1.687430,1.687730,0
20140801 000519167,1.687420,1.687720,0
20140801 000520417,1.687430,1.687730,0
20140801 000522417,1.687420,1.687720,0
20140801 000600197,1.687410,1.687710,0
20140801 000611697,1.687420,1.687720,0
20140801 000641947,1.687410,1.687710,0
20140801 000700197,1.687420,1.687720,0
20140801 000800697,1.687430,1.687730,0
20140801 000801447,1.687420,1.687720,0
20140801 000801697,1.687430,1.687730,0
20140801 000802197,1.687420,1.687720,0
20140801 000802947,1.687430,1.687730,0
20140801 000803197,1.687420,1.687720,0
20140801 000804447,1.687430,1.687730,0
20140801 000804697,1.687420,1.687720,0
20140801 000805447,1.687430,1.687730,0
20140801 000805947,1.687420,1.687720,0
20140801 000809947,1.687380,1.687680,0
20140801 000812447,1.687390,1.687690,0
20140801 000812697,1.687380,1.687680,0
20140801 000814697,1.687430,1.687730,0
20140801 000814947,1.687450,1.687750,0
20140801 000815197,1.687460,1.687760,0
20140801 000815447,1.687450,1.687750,0
20140801 000821197,1.687460,1.687760,0
20140801 000821697,1.687450,1.687750,0
20140801 000824447,1.687490,1.687790,0
20140801 000824697,1.687510,1.687810,0
20140801 000831180,1.687520,1.687820,0
20140801 000832930,1.687510,1.687810,0
20140801 000847180,1.687520,1.687820,0
20140801 000847930,1.687550,1.687850,0
20140801 000848087,1.687560,1.687860,0
20140801 000901447,1.687540,1.687840,0
20140801 000901680,1.687520,1.687820,0
20140801 000935430,1.687540,1.687840,0
20140801 000935680,1.687550,1.687850,0
20140801 000937430,1.687540,1.687840,0
20140801 000944930,1.687520,1.687820,0
20140801 001000197,1.687530,1.687830,0
20140801 001000430,1.687520,1.687820,0
20140801 001026180,1.687510,1.687810,0
20140801 001027930,1.687500,1.687800,0
20140801 001031430,1.687470,1.687770,0
20140801 001031680,1.687430,1.687730,0
20140801 001032180,1.687420,1.687720,0
20140801 001044680,1.687410,1.687710,0
20140801 001044930,1.687380,1.687680,0
20140801 001112430,1.687420,1.687720,0
20140801 001154180,1.687410,1.687710,0
20140801 001154430,1.687370,1.687670,0
20140801 001154680,1.687380,1.687680,0
20140801 001158180,1.687420,1.687720,0
20140801 001158430,1.687430,1.687730,0
20140801 001201430,1.687420,1.687720,0
20140801 001202430,1.687430,1.687730,0
20140801 001206197,1.687410,1.687710,0
20140801 001206930,1.687420,1.687720,0
20140801 001238430,1.687410,1.687710,0
20140801 001338680,1.687400,1.687700,0
20140801 001405680,1.687410,1.687710,0
20140801 001408680,1.687400,1.687700,0
20140801 001441680,1.687380,1.687680,0
20140801 001441930,1.687320,1.687620,0
20140801 001442180,1.687290,1.687590,0
20140801 001444680,1.687280,1.687580,0
20140801 001445180,1.687270,1.687570,0
20140801 001445430,1.687260,1.687560,0
20140801 001452930,1.687270,1.687570,0
20140801 001453680,1.687280,1.687580,0
20140801 001458943,1.687290,1.687590,0
20140801 001508677,1.687300,1.687600,0
20140801 001509677,1.687270,1.687570,0
20140801 001509927,1.687230,1.687530,0
20140801 001510177,1.687220,1.687520,0
20140801 001510427,1.687230,1.687530,0
20140801 001511677,1.687220,1.687520,0
20140801 001520677,1.687160,1.687460,0
20140801 001520927,1.687150,1.687450,0
20140801 001521177,1.687160,1.687460,0
20140801 001530927,1.687150,1.687450,0
20140801 001531177,1.687160,1.687460,0
20140801 001534677,1.687170,1.687470,0
20140801 001535177,1.687100,1.687400,0
20140801 001535927,1.687110,1.687410,0
20140801 001536177,1.687100,1.687400,0
20140801 001536427,1.687110,1.687410,0
20140801 001536677,1.687130,1.687430,0
20140801 001538927,1.687140,1.687440,0
20140801 001600677,1.687150,1.687450,0
20140801 001600927,1.687210,1.687510,0
20140801 001601427,1.687220,1.687520,0
20140801 001611927,1.687250,1.687550,0
20140801 001612177,1.687240,1.687540,0
20140801 001612427,1.687230,1.687530,0
20140801 001621677,1.687210,1.687510,0
20140801 001629427,1.687220,1.687520,0
20140801 001630427,1.687210,1.687510,0
20140801 001637443,1.687220,1.687520,0
20140801 001651193,1.687210,1.687510,0
20140801 001703443,1.687200,1.687500,0
20140801 001703693,1.687130,1.687430,0
20140801 001703943,1.687120,1.687420,0
20140801 001704693,1.687110,1.687410,0
20140801 001720443,1.687120,1.687420,0
20140801 001721943,1.687110,1.687410,0
20140801 001724443,1.687120,1.687420,0
20140801 001724943,1.687110,1.687410,0
20140801 001725193,1.687120,1.687420,0
20140801 001725443,1.687110,1.687410,0
20140801 001733443,1.687060,1.687360,0
20140801 001733693,1.687070,1.687370,0
20140801 001733943,1.687060,1.687360,0
20140801 001738443,1.687070,1.687370,0
20140801 001738943,1.687090,1.687390,0
20140801 001739193,1.687050,1.687350,0
20140801 001739443,1.687040,1.687340,0
20140801 001739693,1.687010,1.687310,0
20140801 001740443,1.687020,1.687320,0
20140801 001741443,1.687010,1.687310,0
20140801 001805443,1.687050,1.687350,0
20140801 001805693,1.687020,1.687320,0
20140801 001806693,1.687010,1.687310,0
20140801 001826693,1.687020,1.687320,0
20140801 001827443,1.687060,1.687360,0
20140801 001827693,1.687070,1.687370,0
20140801 001842443,1.687080,1.687380,0
20140801 001842693,1.687090,1.687390,0
20140801 001843083,1.687080,1.687380,0
20140801 001852443,1.687090,1.687390,0
20140801 001900943,1.687080,1.687380,0
20140801 001901193,1.687070,1.687370,0
20140801 001903443,1.687080,1.687380,0
20140801 001903943,1.687090,1.687390,0
20140801 001904443,1.687080,1.687380,0
20140801 001948193,1.687060,1.687360,0
20140801 001948443,1.687030,1.687330,0
20140801 001949443,1.687020,1.687320,0
20140801 001953193,1.687030,1.687330,0
20140801 001958943,1.687020,1.687320,0
20140801 001959193,1.687030,1.687330,0
20140801 001959443,1.687020,1.687320,0
20140801 001959693,1.687030,1.687330,0
20140801 001959943,1.687020,1.687320,0
20140801 002002943,1.687030,1.687330,0
20140801 002010443,1.687020,1.687320,0
20140801 002010693,1.687010,1.687310,0
20140801 002016943,1.687020,1.687320,0
20140801 002017193,1.687010,1.687310,0
20140801 002017443,1.687000,1.687300,0
20140801 002018193,1.687010,1.687310,0
20140801 002022443,1.687030,1.687330,0
20140801 002113177,1.687020,1.687320,0
20140801 002143677,1.687030,1.687330,0
20140801 002217940,1.687020,1.687320,0
20140801 002237440,1.687030,1.687330,0
20140801 002245690,1.687020,1.687320,0
20140801 002246440,1.687030,1.687330,0
20140801 002247690,1.687020,1.687320,0
20140801 002248690,1.687030,1.687330,0
20140801 002249190,1.687020,1.687320,0
20140801 002249440,1.687060,1.687360,0
20140801 002249940,1.687040,1.687340,0
20140801 002254190,1.687070,1.687370,0
20140801 002254440,1.687090,1.687390,0
20140801 002305940,1.687040,1.687340,0
20140801 002306223,1.687060,1.687360,0
20140801 002306440,1.687080,1.687380,0
20140801 002321940,1.687090,1.687390,0
20140801 002341440,1.687050,1.687350,0
20140801 002341940,1.687080,1.687380,0
20140801 002342190,1.687090,1.687390,0
20140801 002342440,1.687060,1.687360,0
20140801 002342690,1.687040,1.687340,0
20140801 002342940,1.687030,1.687330,0
20140801 002343690,1.687020,1.687320,0
20140801 002347940,1.687060,1.687360,0
20140801 002348207,1.687040,1.687340,0
20140801 002348440,1.687030,1.687330,0
20140801 002348690,1.687020,1.687320,0
20140801 002358940,1.687000,1.687300,0
20140801 002405690,1.687010,1.687310,0
20140801 002406440,1.687020,1.687320,0
20140801 002408440,1.687030,1.687330,0
20140801 002411440,1.687020,1.687320,0
20140801 002425190,1.687010,1.687310,0
20140801 002426440,1.687020,1.687320,0
20140801 002432690,1.687010,1.687310,0
20140801 002433940,1.687020,1.687320,0
20140801 002437940,1.687010,1.687310,0
20140801 002438690,1.687020,1.687320,0
20140801 002452190,1.687000,1.687300,0
20140801 002457940,1.687010,1.687310,0
20140801 002458440,1.687020,1.687320,0
20140801 002458690,1.687010,1.687310,0
20140801 002504440,1.687050,1.687350,0
20140801 002504690,1.687040,1.687340,0
20140801 002504940,1.687030,1.687330,0
20140801 002508940,1.687020,1.687320,0
20140801 002510940,1.687030,1.687330,0
20140801 002511190,1.687020,1.687320,0
20140801 002515440,1.687030,1.687330,0
20140801 002516190,1.687020,1.687320,0
20140801 002548707,1.687030,1.687330,0
20140801 002553457,1.687020,1.687320,0
20140801 002557957,1.686980,1.687280,0
20140801 002558207,1.687010,1.687310,0
20140801 002558457,1.687000,1.687300,0
20140801 002601957,1.686960,1.687260,0
20140801 002602207,1.686920,1.687220,0
20140801 002602457,1.686900,1.687200,0
20140801 002602707,1.686890,1.687190,0
20140801 002602957,1.686900,1.687200,0
20140801 002603207,1.686890,1.687190,0
20140801 002604457,1.686900,1.687200,0
20140801 002604707,1.686910,1.687210,0
20140801 002607457,1.686880,1.687180,0
20140801 002607707,1.686830,1.687130,0
20140801 002607957,1.686820,1.687120,0
20140801 002608207,1.686800,1.687100,0
20140801 002611707,1.686810,1.687110,0
20140801 002618957,1.686820,1.687120,0
20140801 002626457,1.686860,1.687160,0
20140801 002626707,1.686870,1.687170,0
20140801 002630707,1.686850,1.687150,0
20140801 002630940,1.686840,1.687140,0
20140801 002631190,1.686830,1.687130,0
20140801 002631940,1.686840,1.687140,0
20140801 002633690,1.686830,1.687130,0
20140801 002633940,1.686820,1.687120,0
20140801 002639190,1.686810,1.687110,0
20140801 002640940,1.686820,1.687120,0
20140801 002641940,1.686810,1.687110,0
20140801 002642190,1.686790,1.687090,0
20140801 002652190,1.686780,1.687080,0
20140801 002654690,1.686740,1.687040,0
20140801 002654940,1.686720,1.687020,0
20140801 002655190,1.686710,1.687010,0
20140801 002655440,1.686720,1.687020,0
20140801 002659940,1.686710,1.687010,0
20140801 002703940,1.686720,1.687020,0
20140801 002704690,1.686690,1.686990,0
20140801 002704940,1.686700,1.687000,0
20140801 002705190,1.686680,1.686980,0
20140801 002705440,1.686650,1.686950,0
20140801 002705690,1.686630,1.686930,0
20140801 002705940,1.686620,1.686920,0
20140801 002706190,1.686630,1.686930,0
20140801 002707440,1.686650,1.686950,0
20140801 002707690,1.686680,1.686980,0
20140801 002711190,1.686690,1.686990,0
20140801 002714190,1.686710,1.687010,0
20140801 002714440,1.686690,1.686990,0
20140801 002714690,1.686720,1.687020,0
20140801 002714940,1.686710,1.687010,0
20140801 002716190,1.686720,1.687020,0
20140801 002717190,1.686710,1.687010,0
20140801 002721690,1.686720,1.687020,0
20140801 002722440,1.686710,1.687010,0
20140801 002722940,1.686700,1.687000,0
20140801 002729940,1.686690,1.686990,0
20140801 002736190,1.686700,1.687000,0
20140801 002737440,1.686690,1.686990,0
20140801 002739940,1.686680,1.686980,0
20140801 002743440,1.686670,1.686970,0
20140801 002743690,1.686680,1.686980,0
20140801 002810690,1.686670,1.686970,0
20140801 002819940,1.686650,1.686950,0
20140801 002828707,1.686620,1.686920,0
20140801 002834190,1.686630,1.686930,0
20140801 002834457,1.686620,1.686920,0
20140801 002834690,1.686630,1.686930,0
20140801 002834940,1.686640,1.686940,0
20140801 002837190,1.686660,1.686960,0
20140801 002837440,1.686680,1.686980,0
20140801 002837690,1.686710,1.687010,0
20140801 002838063,1.686720,1.687020,0
20140801 002838207,1.686730,1.687030,0
20140801 002839940,1.686720,1.687020,0
20140801 002840190,1.686730,1.687030,0
20140801 002842440,1.686720,1.687020,0
20140801 002843440,1.686710,1.687010,0
20140801 002849440,1.686700,1.687000,0
20140801 002849690,1.686680,1.686980,0
20140801 002849940,1.686620,1.686920,0
20140801 002850190,1.686640,1.686940,0
20140801 002850440,1.686650,1.686950,0
20140801 002852190,1.686670,1.686970,0
20140801 002901690,1.686680,1.686980,0
20140801 002901940,1.686690,1.686990,0
20140801 002902440,1.686700,1.687000,0
20140801 002912440,1.686710,1.687010,0
20140801 002912690,1.686720,1.687020,0
20140801 002920190,1.686710,1.687010,0
20140801 002920940,1.686700,1.687000,0
20140801 002930690,1.686710,1.687010,0
20140801 002931190,1.686700,1.687000,0
20140801 003001453,1.686740,1.687040,0
20140801 003001703,1.686720,1.687020,0
20140801 003006203,1.686710,1.687010,0
20140801 003008453,1.686700,1.687000,0
20140801 003011453,1.686710,1.687010,0
20140801 003016720,1.686700,1.687000,0
20140801 003016953,1.686710,1.687010,0
20140801 003043437,1.686730,1.687030,0
20140801 003053703,1.686740,1.687040,0
20140801 003054720,1.686730,1.687030,0
20140801 003113203,1.686710,1.687010,0
20140801 003127703,1.686720,1.687020,0
20140801 003136953,1.686730,1.687030,0
20140801 003142203,1.686720,1.687020,0
20140801 003149203,1.686730,1.687030,0
20140801 003154453,1.686720,1.687020,0
20140801 003154703,1.686750,1.687050,0
20140801 003216203,1.686740,1.687040,0
20140801 003216453,1.686750,1.687050,0
20140801 003224437,1.686730,1.687030,0
20140801 003235937,1.686740,1.687040,0
20140801 003236187,1.686730,1.687030,0
20140801 003241687,1.686740,1.687040,0
20140801 003243187,1.686730,1.687030,0
20140801 003308187,1.686710,1.687010,0
20140801 003312937,1.686720,1.687020,0
20140801 003320187,1.686730,1.687030,0
20140801 003327187,1.686720,1.687020,0
20140801 003327437,1.686710,1.687010,0
20140801 003341687,1.686720,1.687020,0
20140801 003341937,1.686710,1.687010,0
20140801 003343687,1.686720,1.687020,0
20140801 003350937,1.686730,1.687030,0
20140801 003351687,1.686720,1.687020,0
20140801 003401953,1.686730,1.687030,0
20140801 003402703,1.686740,1.687040,0
20140801 003410203,1.686730,1.687030,0
20140801 003410687,1.686720,1.687020,0
20140801 003410937,1.686710,1.687010,0
20140801 003411187,1.686700,1.687000,0
20140801 003411687,1.686710,1.687010,0
20140801 003415187,1.686720,1.687020,0
20140801 003415937,1.686710,1.687010,0
20140801 003417187,1.686720,1.687020,0
20140801 003417937,1.686710,1.687010,0
20140801 003418187,1.686720,1.687020,0
20140801 003418437,1.686730,1.687030,0
20140801 003424203,1.686740,1.687040,0
20140801 003425187,1.686730,1.687030,0
20140801 003426437,1.686740,1.687040,0
20140801 003426937,1.686730,1.687030,0
20140801 003427187,1.686740,1.687040,0
20140801 003429437,1.686750,1.687050,0
20140801 003429687,1.686740,1.687040,0
20140801 003429937,1.686780,1.687080,0
20140801 003430687,1.686820,1.687120,0
20140801 003431187,1.686830,1.687130,0
20140801 003440453,1.686840,1.687140,0
20140801 003440703,1.686890,1.687190,0
20140801 003440953,1.686910,1.687210,0
20140801 003441703,1.686920,1.687220,0
20140801 003442453,1.686930,1.687230,0
20140801 003503437,1.686920,1.687220,0
20140801 003514203,1.686910,1.687210,0
20140801 003514453,1.686920,1.687220,0
20140801 003528203,1.686930,1.687230,0
20140801 003528453,1.686920,1.687220,0
20140801 003532437,1.686930,1.687230,0
20140801 003532937,1.686920,1.687220,0
20140801 003533187,1.686910,1.687210,0
20140801 003539687,1.686900,1.687200,0
20140801 003540437,1.686910,1.687210,0
20140801 003554687,1.686900,1.687200,0
20140801 003600187,1.686920,1.687220,0
20140801 003600687,1.686910,1.687210,0
20140801 003606687,1.686900,1.687200,0
20140801 003608937,1.686910,1.687210,0
20140801 003609187,1.686900,1.687200,0
20140801 003616953,1.686910,1.687210,0
20140801 003617453,1.686900,1.687200,0
20140801 003617953,1.686910,1.687210,0
20140801 003620203,1.686930,1.687230,0
20140801 003620453,1.686920,1.687220,0
20140801 003622703,1.686910,1.687210,0
20140801 003630203,1.686920,1.687220,0
20140801 003632203,1.686910,1.687210,0
20140801 003632453,1.686920,1.687220,0
20140801 003632703,1.686910,1.687210,0
20140801 003653217,1.686920,1.687220,0
20140801 003654217,1.686910,1.687210,0
20140801 003717217,1.686920,1.687220,0
20140801 003729967,1.686930,1.687230,0
20140801 003730217,1.686920,1.687220,0
20140801 003732467,1.686930,1.687230,0
20140801 003732717,1.686920,1.687220,0
20140801 003751967,1.686910,1.687210,0
20140801 003752717,1.686920,1.687220,0
20140801 003753717,1.686910,1.687210,0
20140801 003753967,1.686920,1.687220,0
20140801 003757967,1.686910,1.687210,0
20140801 003758217,1.686920,1.687220,0
20140801 003758467,1.686930,1.687230,0
20140801 003758717,1.686970,1.687270,0
20140801 003758967,1.686980,1.687280,0
20140801 003808467,1.686990,1.687290,0
20140801 003808717,1.687000,1.687300,0
20140801 003809717,1.686990,1.687290,0
20140801 003810717,1.687030,1.687330,0
20140801 003812717,1.686990,1.687290,0
20140801 003813717,1.687030,1.687330,0
20140801 003813967,1.687000,1.687300,0
20140801 003821967,1.686990,1.687290,0
20140801 003822217,1.686980,1.687280,0
20140801 003833060,1.686970,1.687270,0
20140801 003833467,1.686980,1.687280,0
20140801 003858700,1.687010,1.687310,0
20140801 003859717,1.687000,1.687300,0
20140801 003900217,1.687010,1.687310,0
20140801 003900717,1.687000,1.687300,0
20140801 003901450,1.686990,1.687290,0
20140801 003901967,1.687000,1.687300,0
20140801 003913700,1.686990,1.687290,0
20140801 003914450,1.687000,1.687300,0
20140801 003915450,1.687010,1.687310,0
20140801 003916700,1.686960,1.687260,0
20140801 003916967,1.686920,1.687220,0
20140801 003924717,1.686930,1.687230,0
20140801 003946200,1.686940,1.687240,0
20140801 003950200,1.687000,1.687300,0
20140801 003950450,1.687020,1.687320,0
20140801 004017200,1.687030,1.687330,0
20140801 004017450,1.687040,1.687340,0
20140801 004023450,1.687100,1.687400,0
20140801 004023700,1.687130,1.687430,0
20140801 004027200,1.687120,1.687420,0
20140801 004028450,1.687110,1.687410,0
20140801 004032217,1.687120,1.687420,0
20140801 004032467,1.687130,1.687430,0
20140801 004053217,1.687120,1.687420,0
20140801 004121700,1.687110,1.687410,0
20140801 004121967,1.687120,1.687420,0
20140801 004122217,1.687110,1.687410,0
20140801 004134967,1.687120,1.687420,0
20140801 004135467,1.687110,1.687410,0
20140801 004135717,1.687120,1.687420,0
20140801 004136467,1.687110,1.687410,0
20140801 004136700,1.687120,1.687420,0
20140801 004137467,1.687110,1.687410,0
20140801 004137717,1.687120,1.687420,0
20140801 004142967,1.687130,1.687430,0
20140801 004143967,1.687120,1.687420,0
20140801 004144217,1.687130,1.687430,0
20140801 004144467,1.687120,1.687420,0
20140801 004144717,1.687130,1.687430,0
20140801 004144967,1.687120,1.687420,0
20140801 004146217,1.687130,1.687430,0
20140801 004154200,1.687200,1.687500,0
20140801 004154467,1.687220,1.687520,0
20140801 004154967,1.687230,1.687530,0
20140801 004155967,1.687240,1.687540,0
20140801 004201717,1.687230,1.687530,0
20140801 004210467,1.687220,1.687520,0
20140801 004218217,1.687240,1.687540,0
20140801 004223217,1.687230,1.687530,0
20140801 004238217,1.687220,1.687520,0
20140801 004238467,1.687230,1.687530,0
20140801 004245467,1.687190,1.687490,0
20140801 004246967,1.687170,1.687470,0
20140801 004247467,1.687140,1.687440,0
20140801 004333700,1.687130,1.687430,0
20140801 004335213,1.687140,1.687440,0
20140801 004336463,1.687130,1.687430,0
20140801 004336713,1.687140,1.687440,0
20140801 004337463,1.687130,1.687430,0
20140801 004338213,1.687140,1.687440,0
20140801 004339450,1.687130,1.687430,0
20140801 004340213,1.687140,1.687440,0
20140801 004345463,1.687120,1.687420,0
20140801 004359213,1.687130,1.687430,0
20140801 004413700,1.687140,1.687440,0
20140801 004413963,1.687130,1.687430,0
20140801 004414713,1.687140,1.687440,0
20140801 004414963,1.687130,1.687430,0
20140801 004415463,1.687160,1.687460,0
20140801 004420713,1.687150,1.687450,0
20140801 004421213,1.687160,1.687460,0
20140801 004421463,1.687150,1.687450,0
20140801 004421713,1.687160,1.687460,0
20140801 004421963,1.687150,1.687450,0
20140801 004422213,1.687160,1.687460,0
20140801 004422463,1.687150,1.687450,0
20140801 004422963,1.687160,1.687460,0
20140801 004423713,1.687150,1.687450,0
20140801 004423963,1.687160,1.687460,0
20140801 004445213,1.687120,1.687420,0
20140801 004447963,1.687130,1.687430,0
20140801 004449213,1.687140,1.687440,0
20140801 004453963,1.687130,1.687430,0
20140801 004505713,1.687140,1.687440,0
20140801 004510713,1.687130,1.687430,0
20140801 004531463,1.687110,1.687410,0
20140801 004532213,1.687100,1.687400,0
20140801 004541963,1.687110,1.687410,0
20140801 004550213,1.687120,1.687420,0
20140801 004554963,1.687110,1.687410,0
20140801 004600963,1.687120,1.687420,0
20140801 004601213,1.687130,1.687430,0
20140801 004601963,1.687140,1.687440,0
20140801 004604963,1.687130,1.687430,0
20140801 004607713,1.687140,1.687440,0
20140801 004614713,1.687130,1.687430,0
20140801 004615713,1.687140,1.687440,0
20140801 004655463,1.687160,1.687460,0
20140801 004713713,1.687150,1.687450,0
20140801 004724213,1.687160,1.687460,0
20140801 004725213,1.687130,1.687430,0
20140801 004728713,1.687140,1.687440,0
20140801 004739963,1.687150,1.687450,0
20140801 004740213,1.687140,1.687440,0
20140801 004803197,1.687130,1.687430,0
20140801 004810197,1.687120,1.687420,0
20140801 004810447,1.687140,1.687440,0
20140801 004811197,1.687130,1.687430,0
20140801 004826713,1.687150,1.687450,0
20140801 004826977,1.687170,1.687470,0
20140801 004827697,1.687160,1.687460,0
20140801 004827963,1.687180,1.687480,0
20140801 004843197,1.687170,1.687470,0
20140801 004847697,1.687180,1.687480,0
20140801 004847963,1.687170,1.687470,0
20140801 004849963,1.687180,1.687480,0
20140801 004905697,1.687190,1.687490,0
20140801 004912697,1.687140,1.687440,0
20140801 004913213,1.687150,1.687450,0
20140801 004914963,1.687160,1.687460,0
20140801 004956963,1.687140,1.687440,0
20140801 004958463,1.687200,1.687500,0
20140801 004959213,1.687210,1.687510,0
20140801 005012213,1.687190,1.687490,0
20140801 005012463,1.687180,1.687480,0
20140801 005013463,1.687190,1.687490,0
20140801 005022963,1.687180,1.687480,0
20140801 005023963,1.687190,1.687490,0
20140801 005025713,1.687180,1.687480,0
20140801 005112713,1.687210,1.687510,0
20140801 005123710,1.687200,1.687500,0
20140801 005132197,1.687210,1.687510,0
20140801 005132710,1.687190,1.687490,0
20140801 005133210,1.687200,1.687500,0
20140801 005133460,1.687190,1.687490,0
20140801 005146460,1.687200,1.687500,0
20140801 005146960,1.687190,1.687490,0
20140801 005151710,1.687200,1.687500,0
20140801 005152460,1.687190,1.687490,0
20140801 005152710,1.687200,1.687500,0
20140801 005153210,1.687190,1.687490,0
20140801 005153960,1.687200,1.687500,0
20140801 005210210,1.687190,1.687490,0
20140801 005213460,1.687200,1.687500,0
20140801 005227460,1.687180,1.687480,0
20140801 005227710,1.687150,1.687450,0
20140801 005227960,1.687130,1.687430,0
20140801 005228210,1.687150,1.687450,0
20140801 005238960,1.687140,1.687440,0
20140801 005239960,1.687150,1.687450,0
20140801 005249460,1.687140,1.687440,0
20140801 005249960,1.687150,1.687450,0
20140801 005253460,1.687140,1.687440,0
20140801 005253710,1.687150,1.687450,0
20140801 005253960,1.687140,1.687440,0
20140801 005300460,1.687130,1.687430,0
20140801 005305710,1.687120,1.687420,0
20140801 005306460,1.687130,1.687430,0
20140801 005307460,1.687120,1.687420,0
20140801 005310710,1.687110,1.687410,0
20140801 005312710,1.687120,1.687420,0
20140801 005320197,1.687130,1.687430,0
20140801 005322197,1.687120,1.687420,0
20140801 005322447,1.687130,1.687430,0
20140801 005324197,1.687120,1.687420,0
20140801 005325197,1.687130,1.687430,0
20140801 005326197,1.687120,1.687420,0
20140801 005326697,1.687130,1.687430,0
20140801 005327697,1.687120,1.687420,0
20140801 005328197,1.687130,1.687430,0
20140801 005331697,1.687120,1.687420,0
20140801 005333697,1.687130,1.687430,0
20140801 005335197,1.687120,1.687420,0
20140801 005348447,1.687130,1.687430,0
20140801 005411960,1.687140,1.687440,0
20140801 005412960,1.687130,1.687430,0
20140801 005413960,1.687140,1.687440,0
20140801 005414197,1.687130,1.687430,0
20140801 005429697,1.687120,1.687420,0
20140801 005429960,1.687110,1.687410,0
20140801 005430197,1.687130,1.687430,0
20140801 005431197,1.687120,1.687420,0
20140801 005431447,1.687130,1.687430,0
20140801 005515960,1.687120,1.687420,0
20140801 005519443,1.687130,1.687430,0
20140801 005534210,1.687110,1.687410,0
20140801 005536710,1.687120,1.687420,0
20140801 005549710,1.687110,1.687410,0
20140801 005601460,1.687120,1.687420,0
20140801 005629710,1.687110,1.687410,0
20140801 005648210,1.687120,1.687420,0
20140801 005658960,1.687130,1.687430,0
20140801 005659960,1.687120,1.687420,0
20140801 005700210,1.687130,1.687430,0
20140801 005731443,1.687140,1.687440,0
20140801 005805210,1.687130,1.687430,0
20140801 005815960,1.687140,1.687440,0
20140801 005816210,1.687130,1.687430,0
20140801 005822210,1.687150,1.687450,0
20140801 005822960,1.687170,1.687470,0
20140801 005823960,1.687160,1.687460,0
20140801 005849960,1.687170,1.687470,0
20140801 005852960,1.687160,1.687460,0
20140801 005905957,1.687150,1.687450,0
20140801 005912443,1.687160,1.687460,0
20140801 005912957,1.687170,1.687470,0
20140801 005913957,1.687160,1.687460,0
20140801 005914957,1.687170,1.687470,0
20140801 005915957,1.687160,1.687460,0
20140801 005918207,1.687150,1.687450,0
20140801 005920207,1.687160,1.687460,0
20140801 005951707,1.687150,1.687450,0
20140801 005952693,1.687160,1.687460,0
20140801 005953693,1.687150,1.687450,0
20140801 005954693,1.687160,1.687460,0
20140801 010000443,1.687170,1.687470,0
20140801 010002193,1.687160,1.687460,0
20140801 010004693,1.687170,1.687470,0
20140801 010005193,1.687160,1.687460,0
20140801 010006957,1.687150,1.687450,0
20140801 010007957,1.687160,1.687460,0
20140801 010013443,1.687150,1.687450,0
20140801 010014193,1.687160,1.687460,0
20140801 010016457,1.687150,1.687450,0
20140801 010019457,1.687120,1.687420,0
20140801 010019707,1.687150,1.687450,0
20140801 010020707,1.687160,1.687460,0
20140801 010021707,1.687140,1.687440,0
20140801 010022457,1.687130,1.687430,0
20140801 010022957,1.687140,1.687440,0
20140801 010029457,1.687130,1.687430,0
20140801 010033457,1.687140,1.687440,0
20140801 010033707,1.687130,1.687430,0
20140801 010035207,1.687140,1.687440,0
20140801 010035707,1.687130,1.687430,0
20140801 010056957,1.687120,1.687420,0
20140801 010119457,1.687110,1.687410,0
20140801 010126707,1.687120,1.687420,0
20140801 010132207,1.687110,1.687410,0
20140801 010212957,1.687120,1.687420,0
20140801 010213207,1.687110,1.687410,0
20140801 010222207,1.687120,1.687420,0
20140801 010222457,1.687110,1.687410,0
20140801 010233207,1.687120,1.687420,0
20140801 010237707,1.687130,1.687430,0
20140801 010239707,1.687120,1.687420,0
20140801 010241457,1.687130,1.687430,0
20140801 010243207,1.687120,1.687420,0
20140801 010245957,1.687110,1.687410,0
20140801 010249707,1.687120,1.687420,0
20140801 010252457,1.687080,1.687380,0
20140801 010300457,1.687070,1.687370,0
20140801 010303050,1.687040,1.687340,0
20140801 010303707,1.687030,1.687330,0
20140801 010338457,1.687050,1.687350,0
20140801 010354957,1.687030,1.687330,0
20140801 010401707,1.687020,1.687320,0
20140801 010402207,1.687030,1.687330,0
20140801 010405723,1.687050,1.687350,0
20140801 010414973,1.687040,1.687340,0
20140801 010418223,1.687030,1.687330,0
20140801 010427473,1.687020,1.687320,0
20140801 010435723,1.687030,1.687330,0
20140801 010437973,1.687010,1.687310,0
20140801 010438223,1.687020,1.687320,0
20140801 010438473,1.687030,1.687330,0
20140801 010439723,1.687040,1.687340,0
20140801 010449473,1.687030,1.687330,0
20140801 010511973,1.687020,1.687320,0
20140801 010512473,1.687050,1.687350,0
20140801 010512973,1.687040,1.687340,0
20140801 010513223,1.687030,1.687330,0
20140801 010519473,1.687040,1.687340,0
20140801 010548973,1.687050,1.687350,0
20140801 010551473,1.687030,1.687330,0
20140801 010556470,1.687020,1.687320,0
20140801 010556970,1.687030,1.687330,0
20140801 010557970,1.687020,1.687320,0
20140801 010559720,1.687040,1.687340,0
20140801 010604220,1.687030,1.687330,0
20140801 010608220,1.687020,1.687320,0
20140801 010629720,1.687070,1.687370,0
20140801 010629970,1.687050,1.687350,0
20140801 010631707,1.687070,1.687370,0
20140801 010641220,1.687080,1.687380,0
20140801 010646470,1.687090,1.687390,0
20140801 010646720,1.687110,1.687410,0
20140801 010649970,1.687140,1.687440,0
20140801 010721220,1.687120,1.687420,0
20140801 010726470,1.687130,1.687430,0
20140801 010734207,1.687140,1.687440,0
20140801 010736707,1.687170,1.687470,0
20140801 010736970,1.687190,1.687490,0
20140801 010740970,1.687180,1.687480,0
20140801 010742720,1.687170,1.687470,0
20140801 010746970,1.687150,1.687450,0
20140801 010747220,1.687140,1.687440,0
20140801 010749970,1.687130,1.687430,0
20140801 010750970,1.687140,1.687440,0
20140801 010759970,1.687130,1.687430,0
20140801 010804707,1.687140,1.687440,0
20140801 010804970,1.687130,1.687430,0
20140801 010811207,1.687140,1.687440,0
20140801 010839720,1.687150,1.687450,0
20140801 010840720,1.687140,1.687440,0
20140801 010915220,1.687130,1.687430,0
20140801 010926720,1.687120,1.687420,0
20140801 010944720,1.687110,1.687410,0
20140801 010953720,1.687120,1.687420,0
20140801 011045453,1.687150,1.687450,0
20140801 011048703,1.687120,1.687420,0
20140801 011048970,1.687130,1.687430,0
20140801 011056703,1.687140,1.687440,0
20140801 011106703,1.687160,1.687460,0
20140801 011106970,1.687140,1.687440,0
20140801 011107703,1.687160,1.687460,0
20140801 011108970,1.687170,1.687470,0
20140801 011109203,1.687160,1.687460,0
20140801 011111203,1.687170,1.687470,0
20140801 011111453,1.687190,1.687490,0
20140801 011111970,1.687170,1.687470,0
20140801 011112203,1.687160,1.687460,0
20140801 011114703,1.687180,1.687480,0
20140801 011126703,1.687170,1.687470,0
20140801 011129453,1.687180,1.687480,0
20140801 011141220,1.687190,1.687490,0
20140801 011143220,1.687230,1.687530,0
20140801 011143470,1.687250,1.687550,0
20140801 011143970,1.687260,1.687560,0
20140801 011144970,1.687250,1.687550,0
20140801 011148970,1.687240,1.687540,0
20140801 011214970,1.687250,1.687550,0
20140801 011228983,1.687260,1.687560,0
20140801 011239733,1.687250,1.687550,0
20140801 011244733,1.687240,1.687540,0
20140801 011248983,1.687230,1.687530,0
20140801 011250483,1.687220,1.687520,0
20140801 011254733,1.687230,1.687530,0
20140801 011306000,1.687220,1.687520,0
20140801 011314000,1.687210,1.687510,0
20140801 011314250,1.687230,1.687530,0
20140801 011314500,1.687220,1.687520,0
20140801 011317250,1.687210,1.687510,0
20140801 011400017,1.687200,1.687500,0
20140801 011407017,1.687210,1.687510,0
20140801 011417017,1.687250,1.687550,0
20140801 011421767,1.687210,1.687510,0
20140801 011422267,1.687250,1.687550,0
20140801 011426767,1.687210,1.687510,0
20140801 011427267,1.687250,1.687550,0
20140801 011431267,1.687260,1.687560,0
20140801 011431767,1.687240,1.687540,0
20140801 011432267,1.687270,1.687570,0
20140801 011432517,1.687260,1.687560,0
20140801 011432767,1.687250,1.687550,0
20140801 011433517,1.687240,1.687540,0
20140801 011435267,1.687230,1.687530,0
20140801 011436267,1.687240,1.687540,0
20140801 011444267,1.687230,1.687530,0
20140801 011444517,1.687240,1.687540,0
20140801 011446517,1.687250,1.687550,0
20140801 011446767,1.687240,1.687540,0
20140801 011449017,1.687230,1.687530,0
20140801 011455767,1.687240,1.687540,0
20140801 011457267,1.687230,1.687530,0
20140801 011510267,1.687160,1.687460,0
20140801 011510517,1.687190,1.687490,0
20140801 011510767,1.687160,1.687460,0
20140801 011518140,1.687150,1.687450,0
20140801 011518513,1.687160,1.687460,0
20140801 011533013,1.687150,1.687450,0
20140801 011533513,1.687140,1.687440,0
20140801 011602263,1.687130,1.687430,0
20140801 011602513,1.687140,1.687440,0
20140801 011602763,1.687150,1.687450,0
20140801 011603513,1.687140,1.687440,0
20140801 011605013,1.687150,1.687450,0
20140801 011605763,1.687140,1.687440,0
20140801 011606280,1.687150,1.687450,0
20140801 011607513,1.687140,1.687440,0
20140801 011609263,1.687150,1.687450,0
20140801 011610513,1.687140,1.687440,0
20140801 011611263,1.687130,1.687430,0
20140801 011612013,1.687140,1.687440,0
20140801 011612513,1.687130,1.687430,0
20140801 011626513,1.687140,1.687440,0
20140801 011627013,1.687130,1.687430,0
20140801 011627263,1.687140,1.687440,0
20140801 011636263,1.687120,1.687420,0
20140801 011655763,1.687110,1.687410,0
20140801 011656513,1.687120,1.687420,0
20140801 011702263,1.687110,1.687410,0
20140801 011728763,1.687120,1.687420,0
20140801 011741013,1.687130,1.687430,0
20140801 011745763,1.687120,1.687420,0
20140801 011816763,1.687130,1.687430,0
20140801 011817263,1.687120,1.687420,0
20140801 011822763,1.687130,1.687430,0
20140801 011823013,1.687150,1.687450,0
20140801 011824013,1.687160,1.687460,0
20140801 011824763,1.687150,1.687450,0
20140801 011907763,1.687190,1.687490,0
20140801 011908013,1.687200,1.687500,0
20140801 011923077,1.687230,1.687530,0
20140801 011926263,1.687220,1.687520,0
20140801 011947013,1.687200,1.687500,0
20140801 011958513,1.687190,1.687490,0
20140801 012024247,1.687200,1.687500,0
20140801 012024497,1.687210,1.687510,0
20140801 012034747,1.687240,1.687540,0
20140801 012042763,1.687230,1.687530,0
20140801 012047763,1.687220,1.687520,0
20140801 012048013,1.687190,1.687490,0
20140801 012048263,1.687200,1.687500,0
20140801 012048513,1.687230,1.687530,0
20140801 012059513,1.687250,1.687550,0
20140801 012121763,1.687230,1.687530,0
20140801 012131513,1.687250,1.687550,0
20140801 012132513,1.687230,1.687530,0
20140801 012137763,1.687250,1.687550,0
20140801 012138763,1.687230,1.687530,0
20140801 012154763,1.687250,1.687550,0
20140801 012155013,1.687230,1.687530,0
20140801 012212263,1.687250,1.687550,0
20140801 012228763,1.687260,1.687560,0
20140801 012318510,1.687240,1.687540,0
20140801 012344760,1.687250,1.687550,0
20140801 012349510,1.687260,1.687560,0
20140801 012351260,1.687250,1.687550,0
20140801 012400510,1.687260,1.687560,0
20140801 012402260,1.687250,1.687550,0
20140801 012411510,1.687260,1.687560,0
20140801 012412010,1.687250,1.687550,0
20140801 012427010,1.687260,1.687560,0
20140801 012428260,1.687250,1.687550,0
20140801 012429260,1.687260,1.687560,0
20140801 012446760,1.687240,1.687540,0
20140801 012447010,1.687230,1.687530,0
20140801 012450760,1.687250,1.687550,0
20140801 012451760,1.687240,1.687540,0
20140801 012452010,1.687250,1.687550,0
20140801 012452510,1.687260,1.687560,0
20140801 012453260,1.687250,1.687550,0
20140801 012453510,1.687240,1.687540,0
20140801 012454760,1.687250,1.687550,0
20140801 012457010,1.687260,1.687560,0
20140801 012458760,1.687240,1.687540,0
20140801 012512260,1.687230,1.687530,0
20140801 012516260,1.687250,1.687550,0
20140801 012516510,1.687230,1.687530,0
20140801 012524510,1.687240,1.687540,0
20140801 012532010,1.687230,1.687530,0
20140801 012532260,1.687250,1.687550,0
20140801 012532510,1.687240,1.687540,0
20140801 012537010,1.687230,1.687530,0
20140801 012539760,1.687240,1.687540,0
20140801 012540760,1.687230,1.687530,0
20140801 012546260,1.687240,1.687540,0
20140801 012549760,1.687210,1.687510,0
20140801 012550010,1.687230,1.687530,0
20140801 012557260,1.687240,1.687540,0
20140801 012613260,1.687220,1.687520,0
20140801 012615010,1.687240,1.687540,0
20140801 012715010,1.687230,1.687530,0
20140801 012715260,1.687220,1.687520,0
20140801 012715760,1.687230,1.687530,0
20140801 012716260,1.687220,1.687520,0
20140801 012716760,1.687230,1.687530,0
20140801 012725010,1.687220,1.687520,0
20140801 012732760,1.687210,1.687510,0
20140801 012733260,1.687220,1.687520,0
20140801 012733760,1.687210,1.687510,0
20140801 012734260,1.687220,1.687520,0
20140801 012734510,1.687210,1.687510,0
20140801 012735260,1.687220,1.687520,0
20140801 012739510,1.687210,1.687510,0
20140801 012752010,1.687200,1.687500,0
20140801 012757010,1.687180,1.687480,0
20140801 012757510,1.687210,1.687510,0
20140801 012757760,1.687170,1.687470,0
20140801 012759260,1.687180,1.687480,0
20140801 012759510,1.687190,1.687490,0
20140801 012800760,1.687180,1.687480,0
20140801 012820760,1.687170,1.687470,0
20140801 012828510,1.687160,1.687460,0
20140801 012834760,1.687170,1.687470,0
20140801 012841760,1.687160,1.687460,0
20140801 012842760,1.687140,1.687440,0
20140801 012850510,1.687150,1.687450,0
20140801 012854010,1.687140,1.687440,0
20140801 012855010,1.687130,1.687430,0
20140801 012910260,1.687120,1.687420,0
20140801 012919260,1.687130,1.687430,0
20140801 012928510,1.687120,1.687420,0
20140801 012928760,1.687130,1.687430,0
20140801 012932260,1.687120,1.687420,0
20140801 012952760,1.687150,1.687450,0
20140801 012953010,1.687130,1.687430,0
20140801 013000260,1.687120,1.687420,0
20140801 013000510,1.687130,1.687430,0
20140801 013004523,1.687120,1.687420,0
20140801 013009760,1.687140,1.687440,0
20140801 013010010,1.687150,1.687450,0
20140801 013011260,1.687140,1.687440,0
20140801 013029010,1.687130,1.687430,0
20140801 013034760,1.687180,1.687480,0
20140801 013053007,1.687190,1.687490,0
20140801 013053257,1.687180,1.687480,0
20140801 013056507,1.687190,1.687490,0
20140801 013100257,1.687180,1.687480,0
20140801 013101257,1.687190,1.687490,0
20140801 013123007,1.687180,1.687480,0
20140801 013124257,1.687170,1.687470,0
20140801 013136007,1.687160,1.687460,0
20140801 013136257,1.687140,1.687440,0
20140801 013136507,1.687130,1.687430,0
20140801 013147007,1.687140,1.687440,0
20140801 013148757,1.687120,1.687420,0
20140801 013156757,1.687130,1.687430,0
20140801 013157007,1.687140,1.687440,0
20140801 013158007,1.687130,1.687430,0
20140801 013232757,1.687110,1.687410,0
20140801 013233007,1.687130,1.687430,0
20140801 013243507,1.687120,1.687420,0
20140801 013257507,1.687140,1.687440,0
20140801 013259257,1.687130,1.687430,0
20140801 013302257,1.687140,1.687440,0
20140801 013303757,1.687120,1.687420,0
20140801 013310007,1.687110,1.687410,0
20140801 013310757,1.687100,1.687400,0
20140801 013311257,1.687110,1.687410,0
20140801 013312007,1.687100,1.687400,0
20140801 013312257,1.687110,1.687410,0
20140801 013312507,1.687120,1.687420,0
20140801 013313507,1.687110,1.687410,0
20140801 013314007,1.687120,1.687420,0
20140801 013314257,1.687110,1.687410,0
20140801 013316757,1.687100,1.687400,0
20140801 013327507,1.687120,1.687420,0
20140801 013330773,1.687100,1.687400,0
20140801 013331007,1.687120,1.687420,0
20140801 013331257,1.687110,1.687410,0
20140801 013332007,1.687090,1.687390,0
20140801 013332257,1.687120,1.687420,0
20140801 013332757,1.687110,1.687410,0
20140801 013334007,1.687120,1.687420,0
20140801 013335507,1.687110,1.687410,0
20140801 013339007,1.687100,1.687400,0
20140801 013343007,1.687090,1.687390,0
20140801 013346757,1.687100,1.687400,0
20140801 013347007,1.687120,1.687420,0
20140801 013347757,1.687110,1.687410,0
20140801 013349507,1.687120,1.687420,0
20140801 013350007,1.687110,1.687410,0
20140801 013350257,1.687100,1.687400,0
20140801 013351007,1.687120,1.687420,0
20140801 013351507,1.687140,1.687440,0
20140801 013356257,1.687130,1.687430,0
20140801 013356507,1.687140,1.687440,0
20140801 013356757,1.687150,1.687450,0
20140801 013412507,1.687160,1.687460,0
20140801 013421507,1.687140,1.687440,0
20140801 013424007,1.687150,1.687450,0
20140801 013424507,1.687140,1.687440,0
20140801 013424757,1.687150,1.687450,0
20140801 013425257,1.687140,1.687440,0
20140801 013428257,1.687150,1.687450,0
20140801 013428757,1.687140,1.687440,0
20140801 013450007,1.687130,1.687430,0
20140801 013450757,1.687140,1.687440,0
20140801 013451257,1.687130,1.687430,0
20140801 013454007,1.687140,1.687440,0
20140801 013455507,1.687130,1.687430,0
20140801 013455757,1.687140,1.687440,0
20140801 013456007,1.687130,1.687430,0
20140801 013456757,1.687120,1.687420,0
20140801 013509523,1.687110,1.687410,0
20140801 013510007,1.687120,1.687420,0
20140801 013511007,1.687110,1.687410,0
20140801 013511257,1.687120,1.687420,0
20140801 013520257,1.687110,1.687410,0
20140801 013521007,1.687120,1.687420,0
20140801 013522507,1.687110,1.687410,0
20140801 013522757,1.687120,1.687420,0
20140801 013523257,1.687110,1.687410,0
20140801 013523757,1.687120,1.687420,0
20140801 013527507,1.687150,1.687450,0
20140801 013532757,1.687140,1.687440,0
20140801 013535257,1.687150,1.687450,0
20140801 013557240,1.687120,1.687420,0
20140801 013558490,1.687130,1.687430,0
20140801 013601240,1.687140,1.687440,0
20140801 013601490,1.687150,1.687450,0
20140801 013602240,1.687140,1.687440,0
20140801 013602740,1.687150,1.687450,0
20140801 013603240,1.687140,1.687440,0
20140801 013604990,1.687130,1.687430,0
20140801 013612990,1.687140,1.687440,0
20140801 013616740,1.687130,1.687430,0
20140801 013617740,1.687140,1.687440,0
20140801 013618990,1.687130,1.687430,0
20140801 013619240,1.687140,1.687440,0
20140801 013620990,1.687130,1.687430,0
20140801 013627757,1.687140,1.687440,0
20140801 013628257,1.687130,1.687430,0
20140801 013628507,1.687140,1.687440,0
20140801 013642507,1.687130,1.687430,0
20140801 013643007,1.687140,1.687440,0
20140801 013644507,1.687130,1.687430,0
20140801 013647257,1.687140,1.687440,0
20140801 013647507,1.687130,1.687430,0
20140801 013648007,1.687140,1.687440,0
20140801 013648257,1.687130,1.687430,0
20140801 013648757,1.687140,1.687440,0
20140801 013652507,1.687130,1.687430,0
20140801 013653007,1.687140,1.687440,0
20140801 013705007,1.687150,1.687450,0
20140801 013705257,1.687140,1.687440,0
20140801 013709507,1.687130,1.687430,0
20140801 013733257,1.687140,1.687440,0
20140801 013740757,1.687150,1.687450,0
20140801 013741507,1.687160,1.687460,0
20140801 013749507,1.687150,1.687450,0
20140801 013752007,1.687140,1.687440,0
20140801 013752507,1.687150,1.687450,0
20140801 013758507,1.687140,1.687440,0
20140801 013800257,1.687150,1.687450,0
20140801 013800507,1.687140,1.687440,0
20140801 013800757,1.687150,1.687450,0
20140801 013801257,1.687140,1.687440,0
20140801 013806507,1.687150,1.687450,0
20140801 013807507,1.687140,1.687440,0
20140801 013810007,1.687130,1.687430,0
20140801 013817257,1.687140,1.687440,0
20140801 013817757,1.687130,1.687430,0
20140801 013819507,1.687140,1.687440,0
20140801 013819757,1.687130,1.687430,0
20140801 013850507,1.687140,1.687440,0
20140801 013851007,1.687150,1.687450,0
20140801 013901757,1.687140,1.687440,0
20140801 013902257,1.687150,1.687450,0
20140801 013919507,1.687140,1.687440,0
20140801 013920257,1.687150,1.687450,0
20140801 013924007,1.687130,1.687430,0
20140801 013924507,1.687140,1.687440,0
20140801 013924757,1.687130,1.687430,0
20140801 013946757,1.687140,1.687440,0
20140801 013947757,1.687130,1.687430,0
20140801 013948007,1.687140,1.687440,0
20140801 013950007,1.687130,1.687430,0
20140801 013950757,1.687140,1.687440,0
20140801 013951507,1.687130,1.687430,0
20140801 014002007,1.687140,1.687440,0
20140801 014002507,1.687130,1.687430,0
20140801 014003257,1.687140,1.687440,0
20140801 014003757,1.687130,1.687430,0
20140801 014004757,1.687140,1.687440,0
20140801 014006757,1.687120,1.687420,0
20140801 014007757,1.687130,1.687430,0
20140801 014008007,1.687120,1.687420,0
20140801 014008257,1.687130,1.687430,0
20140801 014008507,1.687120,1.687420,0
20140801 014008757,1.687130,1.687430,0
20140801 014009007,1.687120,1.687420,0
20140801 014009507,1.687130,1.687430,0
20140801 014014007,1.687140,1.687440,0
20140801 014014257,1.687120,1.687420,0
20140801 014016757,1.687110,1.687410,0
20140801 014017007,1.687120,1.687420,0
20140801 014018507,1.687110,1.687410,0
20140801 014019257,1.687120,1.687420,0
20140801 014020507,1.687110,1.687410,0
20140801 014021757,1.687120,1.687420,0
20140801 014024007,1.687130,1.687430,0
20140801 014037257,1.687150,1.687450,0
20140801 014037507,1.687140,1.687440,0
20140801 014039257,1.687150,1.687450,0
20140801 014040257,1.687140,1.687440,0
20140801 014042757,1.687150,1.687450,0
20140801 014055757,1.687140,1.687440,0
20140801 014056007,1.687150,1.687450,0
20140801 014058257,1.687160,1.687460,0
20140801 014101257,1.687150,1.687450,0
20140801 014106757,1.687170,1.687470,0
20140801 014107007,1.687160,1.687460,0
20140801 014108007,1.687170,1.687470,0
20140801 014111257,1.687160,1.687460,0
20140801 014111490,1.687170,1.687470,0
20140801 014111757,1.687200,1.687500,0
20140801 014123003,1.687190,1.687490,0
20140801 014123253,1.687180,1.687480,0
20140801 014124253,1.687190,1.687490,0
20140801 014124503,1.687180,1.687480,0
20140801 014124753,1.687190,1.687490,0
20140801 014135253,1.687180,1.687480,0
20140801 014135503,1.687190,1.687490,0
20140801 014135753,1.687180,1.687480,0
20140801 014136503,1.687190,1.687490,0
20140801 014138503,1.687180,1.687480,0
20140801 014138753,1.687190,1.687490,0
20140801 014140253,1.687180,1.687480,0
20140801 014143753,1.687190,1.687490,0
20140801 014144503,1.687180,1.687480,0
20140801 014146253,1.687190,1.687490,0
20140801 014147253,1.687180,1.687480,0
20140801 014149003,1.687190,1.687490,0
20140801 014149270,1.687200,1.687500,0
20140801 014149503,1.687190,1.687490,0
20140801 014153253,1.687180,1.687480,0
20140801 014153503,1.687190,1.687490,0
20140801 014153753,1.687200,1.687500,0
20140801 014154003,1.687190,1.687490,0
20140801 014158003,1.687210,1.687510,0
20140801 014158253,1.687190,1.687490,0
20140801 014200253,1.687180,1.687480,0
20140801 014208253,1.687190,1.687490,0
20140801 014208503,1.687210,1.687510,0
20140801 014208753,1.687180,1.687480,0
20140801 014210003,1.687200,1.687500,0
20140801 014210253,1.687180,1.687480,0
20140801 014216503,1.687200,1.687500,0
20140801 014216753,1.687190,1.687490,0
20140801 014217003,1.687180,1.687480,0
20140801 014250753,1.687200,1.687500,0
20140801 014251003,1.687190,1.687490,0
20140801 014258753,1.687210,1.687510,0
20140801 014259003,1.687190,1.687490,0
20140801 014303503,1.687180,1.687480,0
20140801 014303753,1.687190,1.687490,0
20140801 014304503,1.687180,1.687480,0
20140801 014305253,1.687190,1.687490,0
20140801 014307253,1.687200,1.687500,0
20140801 014307503,1.687190,1.687490,0
20140801 014309003,1.687180,1.687480,0
20140801 014309503,1.687190,1.687490,0
20140801 014310003,1.687180,1.687480,0
20140801 014310753,1.687190,1.687490,0
20140801 014311753,1.687180,1.687480,0
20140801 014312753,1.687190,1.687490,0
20140801 014314253,1.687180,1.687480,0
20140801 014314503,1.687190,1.687490,0
20140801 014314753,1.687180,1.687480,0
20140801 014315003,1.687190,1.687490,0
20140801 014315253,1.687200,1.687500,0
20140801 014315503,1.687190,1.687490,0
20140801 014316753,1.687180,1.687480,0
20140801 014317003,1.687190,1.687490,0
20140801 014317253,1.687180,1.687480,0
20140801 014332003,1.687170,1.687470,0
20140801 014333503,1.687180,1.687480,0
20140801 014335253,1.687170,1.687470,0
20140801 014338753,1.687180,1.687480,0
20140801 014343003,1.687170,1.687470,0
20140801 014344253,1.687160,1.687460,0
20140801 014350270,1.687150,1.687450,0
20140801 014350520,1.687140,1.687440,0
20140801 014350753,1.687150,1.687450,0
20140801 014358003,1.687160,1.687460,0
20140801 014358753,1.687150,1.687450,0
20140801 014412253,1.687140,1.687440,0
20140801 014412503,1.687150,1.687450,0
20140801 014413753,1.687140,1.687440,0
20140801 014416003,1.687130,1.687430,0
20140801 014419253,1.687140,1.687440,0
20140801 014419503,1.687150,1.687450,0
20140801 014420503,1.687140,1.687440,0
20140801 014421753,1.687150,1.687450,0
20140801 014422503,1.687140,1.687440,0
20140801 014457503,1.687150,1.687450,0
20140801 014458253,1.687140,1.687440,0
20140801 014502253,1.687130,1.687430,0
20140801 014502503,1.687140,1.687440,0
20140801 014503753,1.687130,1.687430,0
20140801 014504003,1.687140,1.687440,0
20140801 014505753,1.687130,1.687430,0
20140801 014506503,1.687140,1.687440,0
20140801 014506753,1.687130,1.687430,0
20140801 014507503,1.687090,1.687390,0
20140801 014508003,1.687080,1.687380,0
20140801 014518003,1.687090,1.687390,0
20140801 014519003,1.687080,1.687380,0
20140801 014522003,1.687090,1.687390,0
20140801 014535003,1.687110,1.687410,0
20140801 014535253,1.687130,1.687430,0
20140801 014539253,1.687120,1.687420,0
20140801 014541003,1.687130,1.687430,0
20140801 014543753,1.687120,1.687420,0
20140801 014544753,1.687130,1.687430,0
20140801 014549987,1.687120,1.687420,0
20140801 014550987,1.687130,1.687430,0
20140801 014551987,1.687140,1.687440,0
20140801 014552253,1.687160,1.687460,0
20140801 014552503,1.687170,1.687470,0
20140801 014552753,1.687180,1.687480,0
20140801 014554003,1.687190,1.687490,0
20140801 014603253,1.687180,1.687480,0
20140801 014603503,1.687170,1.687470,0
20140801 014604503,1.687160,1.687460,0
20140801 014625737,1.687170,1.687470,0
20140801 014626987,1.687180,1.687480,0
20140801 014627487,1.687190,1.687490,0
20140801 014627987,1.687180,1.687480,0
20140801 014628237,1.687190,1.687490,0
20140801 014632753,1.687220,1.687520,0
20140801 014633503,1.687190,1.687490,0
20140801 014653017,1.687200,1.687500,0
20140801 014653253,1.687190,1.687490,0
20140801 014654003,1.687200,1.687500,0
20140801 014654253,1.687190,1.687490,0
20140801 014656253,1.687200,1.687500,0
20140801 014656503,1.687220,1.687520,0
20140801 014656753,1.687200,1.687500,0
20140801 014657503,1.687190,1.687490,0
20140801 014657753,1.687180,1.687480,0
20140801 014658003,1.687170,1.687470,0
20140801 014658253,1.687180,1.687480,0
20140801 014658503,1.687190,1.687490,0
20140801 014705503,1.687200,1.687500,0
20140801 014706503,1.687230,1.687530,0
20140801 014707003,1.687250,1.687550,0
20140801 014707253,1.687310,1.687610,0
20140801 014707503,1.687340,1.687640,0
20140801 014707753,1.687310,1.687610,0
20140801 014708003,1.687330,1.687630,0
20140801 014708253,1.687300,1.687600,0
20140801 014708503,1.687310,1.687610,0
20140801 014710253,1.687320,1.687620,0
20140801 014711503,1.687330,1.687630,0
20140801 014713283,1.687320,1.687620,0
20140801 014713767,1.687380,1.687680,0
20140801 014714017,1.687400,1.687700,0
20140801 014714267,1.687420,1.687720,0
20140801 014715767,1.687400,1.687700,0
20140801 014716767,1.687360,1.687660,0
20140801 014718017,1.687330,1.687630,0
20140801 014718267,1.687320,1.687620,0
20140801 014730283,1.687300,1.687600,0
20140801 014730533,1.687270,1.687570,0
20140801 014732017,1.687300,1.687600,0
20140801 014732267,1.687320,1.687620,0
20140801 014734517,1.687310,1.687610,0
20140801 014740267,1.687320,1.687620,0
20140801 014740517,1.687330,1.687630,0
20140801 014744767,1.687340,1.687640,0
20140801 014750017,1.687320,1.687620,0
20140801 014802767,1.687330,1.687630,0
20140801 014803017,1.687320,1.687620,0
20140801 014808517,1.687340,1.687640,0
20140801 014808767,1.687330,1.687630,0
20140801 014809517,1.687340,1.687640,0
20140801 014809767,1.687320,1.687620,0
20140801 014812767,1.687330,1.687630,0
20140801 014813017,1.687320,1.687620,0
20140801 014813517,1.687330,1.687630,0
20140801 014813767,1.687320,1.687620,0
20140801 014814267,1.687310,1.687610,0
20140801 014814517,1.687320,1.687620,0
20140801 014814767,1.687310,1.687610,0
20140801 014815017,1.687320,1.687620,0
20140801 014819017,1.687310,1.687610,0
20140801 014831267,1.687320,1.687620,0
20140801 014831517,1.687300,1.687600,0
20140801 014831767,1.687310,1.687610,0
20140801 014844517,1.687300,1.687600,0
20140801 014845267,1.687310,1.687610,0
20140801 014845517,1.687300,1.687600,0
20140801 014846517,1.687310,1.687610,0
20140801 014900767,1.687320,1.687620,0
20140801 014902767,1.687330,1.687630,0
20140801 014905267,1.687320,1.687620,0
20140801 014911517,1.687330,1.687630,0
20140801 014911767,1.687320,1.687620,0
20140801 014924017,1.687330,1.687630,0
20140801 014927017,1.687310,1.687610,0
20140801 014927267,1.687330,1.687630,0
20140801 014935517,1.687320,1.687620,0
20140801 014936017,1.687330,1.687630,0
20140801 014937267,1.687320,1.687620,0
20140801 014941017,1.687370,1.687670,0
20140801 014941267,1.687380,1.687680,0
20140801 014949017,1.687370,1.687670,0
20140801 014949267,1.687360,1.687660,0
20140801 014949517,1.687350,1.687650,0
20140801 014949767,1.687340,1.687640,0
20140801 014951517,1.687350,1.687650,0
20140801 014952267,1.687340,1.687640,0
20140801 014952517,1.687350,1.687650,0
20140801 014957267,1.687340,1.687640,0
20140801 015007267,1.687350,1.687650,0
20140801 015007517,1.687340,1.687640,0
20140801 015007767,1.687350,1.687650,0
20140801 015010517,1.687340,1.687640,0
20140801 015024767,1.687350,1.687650,0
20140801 015025267,1.687360,1.687660,0
20140801 015025767,1.687350,1.687650,0
20140801 015029017,1.687360,1.687660,0
20140801 015029267,1.687350,1.687650,0
20140801 015029767,1.687360,1.687660,0
20140801 015033267,1.687350,1.687650,0
20140801 015033517,1.687340,1.687640,0
20140801 015033767,1.687330,1.687630,0
20140801 015034267,1.687340,1.687640,0
20140801 015034517,1.687330,1.687630,0
20140801 015034767,1.687340,1.687640,0
20140801 015038017,1.687350,1.687650,0
20140801 015039267,1.687340,1.687640,0
20140801 015043267,1.687330,1.687630,0
20140801 015043517,1.687340,1.687640,0
20140801 015044017,1.687350,1.687650,0
20140801 015049033,1.687320,1.687620,0
20140801 015049267,1.687330,1.687630,0
20140801 015049517,1.687340,1.687640,0
20140801 015049767,1.687330,1.687630,0
20140801 015050517,1.687340,1.687640,0
20140801 015050767,1.687330,1.687630,0
20140801 015053517,1.687320,1.687620,0
20140801 015053767,1.687330,1.687630,0
20140801 015054267,1.687340,1.687640,0
20140801 015055767,1.687350,1.687650,0
20140801 015056017,1.687340,1.687640,0
20140801 015056517,1.687330,1.687630,0
20140801 015100267,1.687320,1.687620,0
20140801 015100517,1.687330,1.687630,0
20140801 015101267,1.687310,1.687610,0
20140801 015101767,1.687320,1.687620,0
20140801 015104017,1.687310,1.687610,0
20140801 015104267,1.687320,1.687620,0
20140801 015119250,1.687310,1.687610,0
20140801 015120750,1.687320,1.687620,0
20140801 015129750,1.687330,1.687630,0
20140801 015135000,1.687320,1.687620,0
20140801 015135250,1.687330,1.687630,0
20140801 015139500,1.687320,1.687620,0
20140801 015142500,1.687330,1.687630,0
20140801 015201250,1.687320,1.687620,0
20140801 015205017,1.687330,1.687630,0
20140801 015205517,1.687320,1.687620,0
20140801 015206767,1.687310,1.687610,0
20140801 015207017,1.687300,1.687600,0
20140801 015207267,1.687310,1.687610,0
20140801 015209517,1.687300,1.687600,0
20140801 015213517,1.687310,1.687610,0
20140801 015221267,1.687300,1.687600,0
20140801 015222017,1.687310,1.687610,0
20140801 015222267,1.687300,1.687600,0
20140801 015231517,1.687290,1.687590,0
20140801 015235780,1.687320,1.687620,0
20140801 015239517,1.687330,1.687630,0
20140801 015239767,1.687320,1.687620,0
20140801 015242017,1.687330,1.687630,0
20140801 015242267,1.687340,1.687640,0
20140801 015242517,1.687330,1.687630,0
20140801 015243267,1.687320,1.687620,0
20140801 015243517,1.687330,1.687630,0
20140801 015247517,1.687340,1.687640,0
20140801 015250017,1.687350,1.687650,0
20140801 015251017,1.687370,1.687670,0
20140801 015255767,1.687380,1.687680,0
20140801 015256017,1.687410,1.687710,0
20140801 015256267,1.687420,1.687720,0
20140801 015259517,1.687430,1.687730,0
20140801 015314030,1.687440,1.687740,0
20140801 015328797,1.687430,1.687730,0
20140801 015329030,1.687440,1.687740,0
20140801 015329280,1.687430,1.687730,0
20140801 015333780,1.687440,1.687740,0
20140801 015334030,1.687430,1.687730,0
20140801 015338780,1.687450,1.687750,0
20140801 015350780,1.687440,1.687740,0
20140801 015353530,1.687410,1.687710,0
20140801 015353780,1.687370,1.687670,0
20140801 015406530,1.687380,1.687680,0
20140801 015410780,1.687370,1.687670,0
20140801 015416030,1.687380,1.687680,0
20140801 015431280,1.687390,1.687690,0
20140801 015431517,1.687420,1.687720,0
20140801 015431767,1.687430,1.687730,0
20140801 015432017,1.687440,1.687740,0
20140801 015432267,1.687430,1.687730,0
20140801 015432517,1.687420,1.687720,0
20140801 015444530,1.687440,1.687740,0
20140801 015444767,1.687450,1.687750,0
20140801 015445017,1.687470,1.687770,0
20140801 015445517,1.687480,1.687780,0
20140801 015446017,1.687470,1.687770,0
20140801 015446267,1.687450,1.687750,0
20140801 015446530,1.687460,1.687760,0
20140801 015446767,1.687470,1.687770,0
20140801 015447030,1.687460,1.687760,0
20140801 015447280,1.687470,1.687770,0
20140801 015447780,1.687460,1.687760,0
20140801 015448030,1.687450,1.687750,0
20140801 015451530,1.687420,1.687720,0
20140801 015451780,1.687410,1.687710,0
20140801 015452530,1.687420,1.687720,0
20140801 015500530,1.687410,1.687710,0
20140801 015507030,1.687420,1.687720,0
20140801 015509547,1.687440,1.687740,0
20140801 015510280,1.687430,1.687730,0
20140801 015511547,1.687440,1.687740,0
20140801 015511780,1.687450,1.687750,0
20140801 015517280,1.687470,1.687770,0
20140801 015517530,1.687490,1.687790,0
20140801 015517780,1.687510,1.687810,0
20140801 015518030,1.687490,1.687790,0
20140801 015518280,1.687460,1.687760,0
20140801 015518530,1.687450,1.687750,0
20140801 015520030,1.687460,1.687760,0
20140801 015520530,1.687450,1.687750,0
20140801 015522530,1.687440,1.687740,0
20140801 015522780,1.687430,1.687730,0
20140801 015523030,1.687420,1.687720,0
20140801 015525030,1.687460,1.687760,0
20140801 015525280,1.687500,1.687800,0
20140801 015525780,1.687490,1.687790,0
20140801 015526280,1.687480,1.687780,0
20140801 015527780,1.687490,1.687790,0
20140801 015532030,1.687480,1.687780,0
20140801 015532280,1.687490,1.687790,0
20140801 015532530,1.687480,1.687780,0
20140801 015532780,1.687500,1.687800,0
20140801 015533780,1.687490,1.687790,0
20140801 015534030,1.687480,1.687780,0
20140801 015539530,1.687470,1.687770,0
20140801 015539780,1.687480,1.687780,0
20140801 015544030,1.687470,1.687770,0
20140801 015551780,1.687460,1.687760,0
20140801 015552280,1.687470,1.687770,0
20140801 015553530,1.687480,1.687780,0
20140801 015553780,1.687470,1.687770,0
20140801 015554030,1.687460,1.687760,0
20140801 015554280,1.687440,1.687740,0
20140801 015554547,1.687430,1.687730,0
20140801 015555280,1.687420,1.687720,0
20140801 015557797,1.687430,1.687730,0
20140801 015558280,1.687420,1.687720,0
20140801 015610030,1.687430,1.687730,0
20140801 015610280,1.687450,1.687750,0
20140801 015610530,1.687430,1.687730,0
20140801 015612780,1.687440,1.687740,0
20140801 015613030,1.687460,1.687760,0
20140801 015613530,1.687450,1.687750,0
20140801 015613780,1.687460,1.687760,0
20140801 015614280,1.687470,1.687770,0
20140801 015620030,1.687460,1.687760,0
20140801 015621780,1.687470,1.687770,0
20140801 015622030,1.687460,1.687760,0
20140801 015623780,1.687470,1.687770,0
20140801 015624030,1.687480,1.687780,0
20140801 015624547,1.687470,1.687770,0
20140801 015627530,1.687460,1.687760,0
20140801 015635530,1.687470,1.687770,0
20140801 015712780,1.687450,1.687750,0
20140801 015713030,1.687440,1.687740,0
20140801 015713280,1.687460,1.687760,0
20140801 015713780,1.687450,1.687750,0
20140801 015718077,1.687440,1.687740,0
20140801 015718530,1.687430,1.687730,0
20140801 015721780,1.687440,1.687740,0
20140801 015722030,1.687450,1.687750,0
20140801 015725780,1.687440,1.687740,0
20140801 015726530,1.687450,1.687750,0
20140801 015727530,1.687440,1.687740,0
20140801 015727780,1.687450,1.687750,0
20140801 015729030,1.687440,1.687740,0
20140801 015729280,1.687450,1.687750,0
20140801 015729780,1.687440,1.687740,0
20140801 015734530,1.687450,1.687750,0
20140801 015735280,1.687460,1.687760,0
20140801 015735530,1.687470,1.687770,0
20140801 015735780,1.687490,1.687790,0
20140801 015736030,1.687480,1.687780,0
20140801 015742513,1.687470,1.687770,0
20140801 015742780,1.687460,1.687760,0
20140801 015743280,1.687470,1.687770,0
20140801 015743530,1.687460,1.687760,0
20140801 015744030,1.687470,1.687770,0
20140801 015746030,1.687460,1.687760,0
20140801 015746280,1.687470,1.687770,0
20140801 015749280,1.687440,1.687740,0
20140801 015749530,1.687430,1.687730,0
20140801 015749780,1.687480,1.687780,0
20140801 015750030,1.687490,1.687790,0
20140801 015756530,1.687480,1.687780,0
20140801 015756780,1.687490,1.687790,0
20140801 015828513,1.687480,1.687780,0
20140801 015828763,1.687410,1.687710,0
20140801 015829013,1.687420,1.687720,0
20140801 015829263,1.687430,1.687730,0
20140801 015830263,1.687440,1.687740,0
20140801 015834263,1.687430,1.687730,0
20140801 015841263,1.687420,1.687720,0
20140801 015841513,1.687430,1.687730,0
20140801 015842763,1.687420,1.687720,0
20140801 015853263,1.687430,1.687730,0
20140801 015855263,1.687420,1.687720,0
20140801 015859780,1.687410,1.687710,0
20140801 015900013,1.687420,1.687720,0
20140801 015900263,1.687410,1.687710,0
20140801 015900763,1.687420,1.687720,0
20140801 015915013,1.687430,1.687730,0
20140801 015919763,1.687420,1.687720,0
20140801 015921513,1.687430,1.687730,0
20140801 015929763,1.687480,1.687780,0
20140801 015939013,1.687490,1.687790,0
20140801 015939263,1.687530,1.687830,0
20140801 015943030,1.687540,1.687840,0
20140801 015958263,1.687510,1.687810,0
20140801 015958763,1.687530,1.687830,0
20140801 015959263,1.687520,1.687820,0
20140801 020001280,1.687530,1.687830,0
20140801 020002513,1.687520,1.687820,0
20140801 020002763,1.687530,1.687830,0
20140801 020033513,1.687540,1.687840,0
20140801 020039263,1.687550,1.687850,0
20140801 020044513,1.687540,1.687840,0
20140801 020044777,1.687550,1.687850,0
20140801 020045527,1.687540,1.687840,0
20140801 020046027,1.687550,1.687850,0
20140801 020046277,1.687540,1.687840,0
20140801 020101277,1.687570,1.687870,0
20140801 020101527,1.687580,1.687880,0
20140801 020102777,1.687600,1.687900,0
20140801 020109527,1.687610,1.687910,0
20140801 020110527,1.687620,1.687920,0
20140801 020116277,1.687600,1.687900,0
20140801 020126277,1.687610,1.687910,0
20140801 020127277,1.687620,1.687920,0
20140801 020134263,1.687610,1.687910,0
20140801 020134527,1.687620,1.687920,0
20140801 020135763,1.687610,1.687910,0
20140801 020136763,1.687620,1.687920,0
20140801 020137263,1.687610,1.687910,0
20140801 020137763,1.687620,1.687920,0
20140801 020138027,1.687610,1.687910,0
20140801 020138263,1.687620,1.687920,0
20140801 020140277,1.687610,1.687910,0
20140801 020140513,1.687600,1.687900,0
20140801 020140777,1.687610,1.687910,0
20140801 020157527,1.687620,1.687920,0
20140801 020157777,1.687640,1.687940,0
20140801 020158060,1.687710,1.688010,0
20140801 020158527,1.687720,1.688020,0
20140801 020204793,1.687750,1.688050,0
20140801 020205043,1.687780,1.688080,0
20140801 020205293,1.687810,1.688110,0
20140801 020205543,1.687780,1.688080,0
20140801 020205777,1.687770,1.688070,0
20140801 020206027,1.687780,1.688080,0
20140801 020206310,1.687790,1.688090,0
20140801 020207527,1.687800,1.688100,0
20140801 020209027,1.687780,1.688080,0
20140801 020209527,1.687770,1.688070,0
20140801 020210277,1.687780,1.688080,0
20140801 020211793,1.687760,1.688060,0
20140801 020212043,1.687740,1.688040,0
20140801 020212277,1.687730,1.688030,0
20140801 020213027,1.687740,1.688040,0
20140801 020213277,1.687710,1.688010,0
20140801 020214293,1.687690,1.687990,0
20140801 020214527,1.687660,1.687960,0
20140801 020214777,1.687670,1.687970,0
20140801 020215027,1.687700,1.688000,0
20140801 020215527,1.687690,1.687990,0
20140801 020216027,1.687700,1.688000,0
20140801 020220277,1.687680,1.687980,0
20140801 020220513,1.687640,1.687940,0
20140801 020220777,1.687630,1.687930,0
20140801 020229527,1.687660,1.687960,0
20140801 020229777,1.687670,1.687970,0
20140801 020230027,1.687680,1.687980,0
20140801 020234027,1.687670,1.687970,0
20140801 020238277,1.687640,1.687940,0
20140801 020239777,1.687630,1.687930,0
20140801 020240277,1.687620,1.687920,0
20140801 020240527,1.687600,1.687900,0
20140801 020240777,1.687590,1.687890,0
20140801 020241277,1.687580,1.687880,0
20140801 020241527,1.687590,1.687890,0
20140801 020247013,1.687580,1.687880,0
20140801 020247527,1.687570,1.687870,0
20140801 020248027,1.687560,1.687860,0
20140801 020251527,1.687570,1.687870,0
20140801 020257527,1.687600,1.687900,0
20140801 020257793,1.687570,1.687870,0
20140801 020258027,1.687560,1.687860,0
20140801 020258527,1.687570,1.687870,0
20140801 020259277,1.687560,1.687860,0
20140801 020259527,1.687570,1.687870,0
20140801 020259777,1.687550,1.687850,0
20140801 020300277,1.687560,1.687860,0
20140801 020300543,1.687570,1.687870,0
20140801 020300777,1.687600,1.687900,0
20140801 020301027,1.687580,1.687880,0
20140801 020311027,1.687660,1.687960,0
20140801 020311277,1.687620,1.687920,0
20140801 020311527,1.687610,1.687910,0
20140801 020314027,1.687540,1.687840,0
20140801 020314527,1.687550,1.687850,0
20140801 020314777,1.687570,1.687870,0
20140801 020315027,1.687560,1.687860,0
20140801 020315777,1.687570,1.687870,0
20140801 020317027,1.687580,1.687880,0
20140801 020317527,1.687570,1.687870,0
20140801 020318027,1.687590,1.687890,0
20140801 020318513,1.687580,1.687880,0
20140801 020319263,1.687590,1.687890,0
20140801 020321277,1.687580,1.687880,0
20140801 020323777,1.687570,1.687870,0
20140801 020324027,1.687580,1.687880,0
20140801 020327763,1.687570,1.687870,0
20140801 020329027,1.687580,1.687880,0
20140801 020329277,1.687590,1.687890,0
20140801 020330027,1.687580,1.687880,0
20140801 020332527,1.687590,1.687890,0
20140801 020334527,1.687580,1.687880,0
20140801 020339277,1.687550,1.687850,0
20140801 020341777,1.687560,1.687860,0
20140801 020343073,1.687550,1.687850,0
20140801 020343277,1.687560,1.687860,0
20140801 020343527,1.687570,1.687870,0
20140801 020343777,1.687550,1.687850,0
20140801 020344277,1.687560,1.687860,0
20140801 020349277,1.687580,1.687880,0
20140801 020349527,1.687590,1.687890,0
20140801 020351027,1.687580,1.687880,0
20140801 020351527,1.687590,1.687890,0
20140801 020351777,1.687600,1.687900,0
20140801 020355027,1.687610,1.687910,0
20140801 020408027,1.687630,1.687930,0
20140801 020408277,1.687640,1.687940,0
20140801 020408527,1.687670,1.687970,0
20140801 020408777,1.687680,1.687980,0
20140801 020409043,1.687700,1.688000,0
20140801 020409277,1.687720,1.688020,0
20140801 020411527,1.687730,1.688030,0
20140801 020412027,1.687750,1.688050,0
20140801 020412277,1.687760,1.688060,0
20140801 020412527,1.687770,1.688070,0
20140801 020413043,1.687790,1.688090,0
20140801 020413277,1.687800,1.688100,0
20140801 020413527,1.687790,1.688090,0
20140801 020414777,1.687770,1.688070,0
20140801 020415027,1.687680,1.687980,0
20140801 020415277,1.687690,1.687990,0
20140801 020415527,1.687700,1.688000,0
20140801 020424277,1.687720,1.688020,0
20140801 020425027,1.687710,1.688010,0
20140801 020426527,1.687720,1.688020,0
20140801 020432027,1.687710,1.688010,0
20140801 020432277,1.687670,1.687970,0
20140801 020432527,1.687660,1.687960,0
20140801 020433277,1.687670,1.687970,0
20140801 020436277,1.687650,1.687950,0
20140801 020437027,1.687660,1.687960,0
20140801 020437277,1.687650,1.687950,0
20140801 020438277,1.687640,1.687940,0
20140801 020438527,1.687630,1.687930,0
20140801 020438777,1.687620,1.687920,0
20140801 020439027,1.687610,1.687910,0
20140801 020439277,1.687600,1.687900,0
20140801 020441277,1.687630,1.687930,0
20140801 020442777,1.687620,1.687920,0
20140801 020456277,1.687610,1.687910,0
20140801 020503527,1.687600,1.687900,0
20140801 020503777,1.687590,1.687890,0
20140801 020507277,1.687570,1.687870,0
20140801 020507527,1.687560,1.687860,0
20140801 020508027,1.687570,1.687870,0
20140801 020509777,1.687590,1.687890,0
20140801 020511277,1.687580,1.687880,0
20140801 020512027,1.687600,1.687900,0
20140801 020512277,1.687580,1.687880,0
20140801 020512527,1.687550,1.687850,0
20140801 020512777,1.687570,1.687870,0
20140801 020513027,1.687590,1.687890,0
20140801 020513777,1.687600,1.687900,0
20140801 020515543,1.687630,1.687930,0
20140801 020515777,1.687620,1.687920,0
20140801 020516293,1.687610,1.687910,0
20140801 020516527,1.687630,1.687930,0
20140801 020516777,1.687620,1.687920,0
20140801 020517027,1.687600,1.687900,0
20140801 020517293,1.687620,1.687920,0
20140801 020517527,1.687600,1.687900,0
20140801 020517777,1.687590,1.687890,0
20140801 020521777,1.687600,1.687900,0
20140801 020534027,1.687590,1.687890,0
20140801 020542027,1.687580,1.687880,0
20140801 020542527,1.687590,1.687890,0
20140801 020557510,1.687620,1.687920,0
20140801 020558027,1.687630,1.687930,0
20140801 020559027,1.687620,1.687920,0
20140801 020559777,1.687630,1.687930,0
20140801 020600527,1.687620,1.687920,0
20140801 020600777,1.687630,1.687930,0
20140801 020606027,1.687620,1.687920,0
20140801 020607527,1.687610,1.687910,0
20140801 020608527,1.687590,1.687890,0
20140801 020609027,1.687610,1.687910,0
20140801 020611277,1.687600,1.687900,0
20140801 020611527,1.687550,1.687850,0
20140801 020612010,1.687540,1.687840,0
20140801 020612777,1.687550,1.687850,0
20140801 020616527,1.687540,1.687840,0
20140801 020633277,1.687550,1.687850,0
20140801 020633777,1.687560,1.687860,0
20140801 020636527,1.687550,1.687850,0
20140801 020640777,1.687570,1.687870,0
20140801 020641043,1.687590,1.687890,0
20140801 020643277,1.687600,1.687900,0
20140801 020644043,1.687620,1.687920,0
20140801 020644777,1.687640,1.687940,0
20140801 020645027,1.687650,1.687950,0
20140801 020645293,1.687660,1.687960,0
20140801 020645527,1.687670,1.687970,0
20140801 020647277,1.687680,1.687980,0
20140801 020648027,1.687670,1.687970,0
20140801 020648277,1.687690,1.687990,0
20140801 020648527,1.687700,1.688000,0
20140801 020648777,1.687690,1.687990,0
20140801 020649277,1.687710,1.688010,0
20140801 020653510,1.687720,1.688020,0
20140801 020654510,1.687710,1.688010,0
20140801 020708027,1.687690,1.687990,0
20140801 020708277,1.687620,1.687920,0
20140801 020708760,1.687610,1.687910,0
20140801 020709510,1.687620,1.687920,0
20140801 020709760,1.687640,1.687940,0
20140801 020710010,1.687630,1.687930,0
20140801 020710260,1.687610,1.687910,0
20140801 020710527,1.687600,1.687900,0
20140801 020710777,1.687620,1.687920,0
20140801 020711010,1.687580,1.687880,0
20140801 020711277,1.687570,1.687870,0
20140801 020711510,1.687560,1.687860,0
20140801 020712010,1.687550,1.687850,0
20140801 020713073,1.687560,1.687860,0
20140801 020713510,1.687550,1.687850,0
20140801 020713760,1.687540,1.687840,0
20140801 020714010,1.687530,1.687830,0
20140801 020714260,1.687540,1.687840,0
20140801 020715760,1.687510,1.687810,0
20140801 020716010,1.687530,1.687830,0
20140801 020716260,1.687540,1.687840,0
20140801 020716510,1.687530,1.687830,0
20140801 020716760,1.687550,1.687850,0
20140801 020734777,1.687560,1.687860,0
20140801 020735027,1.687570,1.687870,0
20140801 020735527,1.687560,1.687860,0
20140801 020737277,1.687590,1.687890,0
20140801 020739027,1.687600,1.687900,0
20140801 020740527,1.687590,1.687890,0
20140801 020742277,1.687600,1.687900,0
20140801 020742777,1.687590,1.687890,0
20140801 020746527,1.687600,1.687900,0
20140801 020747277,1.687590,1.687890,0
20140801 020755277,1.687580,1.687880,0
20140801 020757777,1.687590,1.687890,0
20140801 020801527,1.687580,1.687880,0
20140801 020801777,1.687570,1.687870,0
20140801 020802527,1.687580,1.687880,0
20140801 020805527,1.687590,1.687890,0
20140801 020808277,1.687580,1.687880,0
20140801 020809777,1.687590,1.687890,0
20140801 020810027,1.687560,1.687860,0
20140801 020814527,1.687570,1.687870,0
20140801 020815027,1.687580,1.687880,0
20140801 020826027,1.687590,1.687890,0
20140801 020826777,1.687580,1.687880,0
20140801 020831277,1.687590,1.687890,0
20140801 020845527,1.687600,1.687900,0
20140801 020848527,1.687620,1.687920,0
20140801 020849527,1.687610,1.687910,0
20140801 020849777,1.687620,1.687920,0
20140801 020850027,1.687610,1.687910,0
20140801 020850527,1.687600,1.687900,0
20140801 020851027,1.687610,1.687910,0
20140801 020852277,1.687600,1.687900,0
20140801 020855027,1.687610,1.687910,0
20140801 020855277,1.687600,1.687900,0
20140801 020855527,1.687590,1.687890,0
20140801 020856777,1.687600,1.687900,0
20140801 020857027,1.687590,1.687890,0
20140801 020857527,1.687610,1.687910,0
20140801 020857777,1.687600,1.687900,0
20140801 020858277,1.687610,1.687910,0
20140801 020858777,1.687600,1.687900,0
20140801 020859010,1.687610,1.687910,0
20140801 020900027,1.687600,1.687900,0
20140801 020903277,1.687590,1.687890,0
20140801 020903777,1.687610,1.687910,0
20140801 020905777,1.687600,1.687900,0
20140801 020909777,1.687610,1.687910,0
20140801 020921510,1.687630,1.687930,0
20140801 020928260,1.687620,1.687920,0
20140801 020929010,1.687630,1.687930,0
20140801 020930010,1.687620,1.687920,0
20140801 020930510,1.687630,1.687930,0
20140801 020931010,1.687620,1.687920,0
20140801 020932260,1.687630,1.687930,0
20140801 020932760,1.687620,1.687920,0
20140801 020934260,1.687630,1.687930,0
20140801 020934760,1.687640,1.687940,0
20140801 020935260,1.687630,1.687930,0
20140801 020936010,1.687640,1.687940,0
20140801 020941027,1.687630,1.687930,0
20140801 020941777,1.687620,1.687920,0
20140801 020951277,1.687610,1.687910,0
20140801 020954760,1.687600,1.687900,0
20140801 020955277,1.687590,1.687890,0
20140801 020955527,1.687600,1.687900,0
20140801 020957777,1.687590,1.687890,0
20140801 021010760,1.687600,1.687900,0
20140801 021018510,1.687590,1.687890,0
20140801 021023027,1.687600,1.687900,0
20140801 021024260,1.687590,1.687890,0
20140801 021026760,1.687580,1.687880,0
20140801 021028510,1.687590,1.687890,0
20140801 021049273,1.687580,1.687880,0
20140801 021100523,1.687590,1.687890,0
20140801 021112273,1.687600,1.687900,0
20140801 021113023,1.687590,1.687890,0
20140801 021121040,1.687600,1.687900,0
20140801 021121273,1.687590,1.687890,0
20140801 021134523,1.687600,1.687900,0
20140801 021135023,1.687590,1.687890,0
20140801 021152023,1.687600,1.687900,0
20140801 021152773,1.687590,1.687890,0
20140801 021154773,1.687600,1.687900,0
20140801 021158290,1.687610,1.687910,0
20140801 021158523,1.687620,1.687920,0
20140801 021203773,1.687600,1.687900,0
20140801 021205773,1.687590,1.687890,0
20140801 021206023,1.687580,1.687880,0
20140801 021206773,1.687570,1.687870,0
20140801 021207773,1.687580,1.687880,0
20140801 021218523,1.687560,1.687860,0
20140801 021219023,1.687570,1.687870,0
20140801 021219773,1.687580,1.687880,0
20140801 021220023,1.687570,1.687870,0
20140801 021225023,1.687560,1.687860,0
20140801 021225523,1.687570,1.687870,0
20140801 021228257,1.687560,1.687860,0
20140801 021229257,1.687570,1.687870,0
20140801 021230257,1.687580,1.687880,0
20140801 021238757,1.687590,1.687890,0
20140801 021239757,1.687580,1.687880,0
20140801 021240007,1.687590,1.687890,0
20140801 021240257,1.687610,1.687910,0
20140801 021240757,1.687640,1.687940,0
20140801 021241007,1.687630,1.687930,0
20140801 021241257,1.687690,1.687990,0
20140801 021241507,1.687700,1.688000,0
20140801 021241757,1.687710,1.688010,0
20140801 021242257,1.687730,1.688030,0
20140801 021243757,1.687750,1.688050,0
20140801 021245507,1.687760,1.688060,0
20140801 021247507,1.687770,1.688070,0
20140801 021248257,1.687760,1.688060,0
20140801 021249257,1.687780,1.688080,0
20140801 021251757,1.687770,1.688070,0
20140801 021252257,1.687760,1.688060,0
20140801 021253257,1.687770,1.688070,0
20140801 021253757,1.687760,1.688060,0
20140801 021255257,1.687770,1.688070,0
20140801 021258273,1.687750,1.688050,0
20140801 021258507,1.687760,1.688060,0
20140801 021258757,1.687750,1.688050,0
20140801 021300007,1.687740,1.688040,0
20140801 021300773,1.687750,1.688050,0
20140801 021301023,1.687740,1.688040,0
20140801 021302023,1.687760,1.688060,0
20140801 021302773,1.687750,1.688050,0
20140801 021306290,1.687760,1.688060,0
20140801 021306757,1.687750,1.688050,0
20140801 021308257,1.687760,1.688060,0
20140801 021308507,1.687750,1.688050,0
20140801 021308757,1.687760,1.688060,0
20140801 021309007,1.687770,1.688070,0
20140801 021309757,1.687760,1.688060,0
20140801 021314540,1.687770,1.688070,0
20140801 021314773,1.687760,1.688060,0
20140801 021319523,1.687780,1.688080,0
20140801 021319773,1.687790,1.688090,0
20140801 021320007,1.687800,1.688100,0
20140801 021320257,1.687790,1.688090,0
20140801 021320757,1.687800,1.688100,0
20140801 021321257,1.687790,1.688090,0
20140801 021322257,1.687800,1.688100,0
20140801 021322507,1.687790,1.688090,0
20140801 021323257,1.687780,1.688080,0
20140801 021323757,1.687770,1.688070,0
20140801 021324007,1.687780,1.688080,0
20140801 021347007,1.687770,1.688070,0
20140801 021347257,1.687780,1.688080,0
20140801 021350007,1.687770,1.688070,0
20140801 021352257,1.687760,1.688060,0
20140801 021357257,1.687750,1.688050,0
20140801 021400273,1.687740,1.688040,0
20140801 021400523,1.687750,1.688050,0
20140801 021405507,1.687740,1.688040,0
20140801 021414023,1.687750,1.688050,0
20140801 021420023,1.687760,1.688060,0
20140801 021420273,1.687780,1.688080,0
20140801 021421023,1.687790,1.688090,0
20140801 021421273,1.687780,1.688080,0
20140801 021422023,1.687770,1.688070,0
20140801 021422273,1.687760,1.688060,0
20140801 021422523,1.687770,1.688070,0
20140801 021428523,1.687760,1.688060,0
20140801 021429023,1.687750,1.688050,0
20140801 021440773,1.687740,1.688040,0
20140801 021444023,1.687750,1.688050,0
20140801 021445007,1.687740,1.688040,0
20140801 021450773,1.687730,1.688030,0
20140801 021455773,1.687740,1.688040,0
20140801 021456273,1.687730,1.688030,0
20140801 021456773,1.687720,1.688020,0
20140801 021458773,1.687730,1.688030,0
20140801 021459273,1.687720,1.688020,0
20140801 021502023,1.687730,1.688030,0
20140801 021517273,1.687740,1.688040,0
20140801 021517773,1.687690,1.687990,0
20140801 021518023,1.687670,1.687970,0
20140801 021518273,1.687600,1.687900,0
20140801 021518523,1.687570,1.687870,0
20140801 021518773,1.687560,1.687860,0
20140801 021524023,1.687550,1.687850,0
20140801 021525773,1.687540,1.687840,0
20140801 021527773,1.687530,1.687830,0
20140801 021528023,1.687540,1.687840,0
20140801 021528273,1.687530,1.687830,0
20140801 021528523,1.687540,1.687840,0
20140801 021531023,1.687530,1.687830,0
20140801 021532523,1.687510,1.687810,0
20140801 021532773,1.687500,1.687800,0
20140801 021533023,1.687510,1.687810,0
20140801 021533273,1.687500,1.687800,0
20140801 021534773,1.687510,1.687810,0
20140801 021535023,1.687520,1.687820,0
20140801 021537023,1.687530,1.687830,0
20140801 021538023,1.687550,1.687850,0
20140801 021538523,1.687540,1.687840,0
20140801 021539773,1.687550,1.687850,0
20140801 021541273,1.687540,1.687840,0
20140801 021542273,1.687530,1.687830,0
20140801 021542507,1.687540,1.687840,0
20140801 021544023,1.687530,1.687830,0
20140801 021544523,1.687540,1.687840,0
20140801 021546523,1.687530,1.687830,0
20140801 021551273,1.687540,1.687840,0
20140801 021553273,1.687590,1.687890,0
20140801 021554023,1.687600,1.687900,0
20140801 021556773,1.687610,1.687910,0
20140801 021558273,1.687600,1.687900,0
20140801 021602023,1.687640,1.687940,0
20140801 021602273,1.687660,1.687960,0
20140801 021602523,1.687700,1.688000,0
20140801 021602773,1.687720,1.688020,0
20140801 021603023,1.687740,1.688040,0
20140801 021603757,1.687790,1.688090,0
20140801 021604273,1.687780,1.688080,0
20140801 021605273,1.687760,1.688060,0
20140801 021608773,1.687750,1.688050,0
20140801 021609023,1.687730,1.688030,0
20140801 021622523,1.687740,1.688040,0
20140801 021622773,1.687730,1.688030,0
20140801 021625273,1.687740,1.688040,0
20140801 021625523,1.687730,1.688030,0
20140801 021626273,1.687720,1.688020,0
20140801 021626523,1.687700,1.688000,0
20140801 021626773,1.687720,1.688020,0
20140801 021627023,1.687700,1.688000,0
20140801 021629773,1.687720,1.688020,0
20140801 021631007,1.687700,1.688000,0
20140801 021631257,1.687720,1.688020,0
20140801 021631507,1.687700,1.688000,0
20140801 021632507,1.687720,1.688020,0
20140801 021632757,1.687700,1.688000,0
20140801 021633053,1.687720,1.688020,0
20140801 021633257,1.687700,1.688000,0
20140801 021633507,1.687710,1.688010,0
20140801 021633757,1.687700,1.688000,0
20140801 021634007,1.687720,1.688020,0
20140801 021634257,1.687700,1.688000,0
20140801 021634507,1.687710,1.688010,0
20140801 021634773,1.687700,1.688000,0
20140801 021635007,1.687720,1.688020,0
20140801 021635257,1.687700,1.688000,0
20140801 021635507,1.687720,1.688020,0
20140801 021635773,1.687700,1.688000,0
20140801 021636007,1.687710,1.688010,0
20140801 021636257,1.687700,1.688000,0
20140801 021636507,1.687720,1.688020,0
20140801 021636757,1.687700,1.688000,0
20140801 021637007,1.687720,1.688020,0
20140801 021637257,1.687700,1.688000,0
20140801 021637507,1.687720,1.688020,0
20140801 021637757,1.687700,1.688000,0
20140801 021638023,1.687720,1.688020,0
20140801 021638257,1.687700,1.688000,0
20140801 021638507,1.687720,1.688020,0
20140801 021639007,1.687700,1.688000,0
20140801 021639257,1.687710,1.688010,0
20140801 021639507,1.687700,1.688000,0
20140801 021639773,1.687710,1.688010,0
20140801 021640023,1.687700,1.688000,0
20140801 021640273,1.687710,1.688010,0
20140801 021640523,1.687700,1.688000,0
20140801 021640773,1.687710,1.688010,0
20140801 021641023,1.687700,1.688000,0
20140801 021641273,1.687710,1.688010,0
20140801 021641523,1.687700,1.688000,0
20140801 021641757,1.687720,1.688020,0
20140801 021642023,1.687700,1.688000,0
20140801 021643023,1.687720,1.688020,0
20140801 021643773,1.687690,1.687990,0
20140801 021644273,1.687700,1.688000,0
20140801 021644757,1.687710,1.688010,0
20140801 021645023,1.687700,1.688000,0
20140801 021645273,1.687720,1.688020,0
20140801 021646023,1.687700,1.688000,0
20140801 021646273,1.687720,1.688020,0
20140801 021646523,1.687700,1.688000,0
20140801 021646773,1.687720,1.688020,0
20140801 021647023,1.687690,1.687990,0
20140801 021647523,1.687700,1.688000,0
20140801 021647787,1.687690,1.687990,0
20140801 021649773,1.687700,1.688000,0
20140801 021650273,1.687690,1.687990,0
20140801 021650523,1.687720,1.688020,0
20140801 021651273,1.687700,1.688000,0
20140801 021651523,1.687720,1.688020,0
20140801 021651773,1.687690,1.687990,0
20140801 021653773,1.687710,1.688010,0
20140801 021655273,1.687700,1.688000,0
20140801 021655773,1.687710,1.688010,0
20140801 021701523,1.687720,1.688020,0
20140801 021702023,1.687730,1.688030,0
20140801 021705023,1.687720,1.688020,0
20140801 021707773,1.687730,1.688030,0
20140801 021710523,1.687720,1.688020,0
20140801 021711273,1.687730,1.688030,0
20140801 021713023,1.687720,1.688020,0
20140801 021714523,1.687730,1.688030,0
20140801 021716257,1.687720,1.688020,0
20140801 021716507,1.687730,1.688030,0
20140801 021726507,1.687720,1.688020,0
20140801 021726757,1.687730,1.688030,0
20140801 021728773,1.687720,1.688020,0
20140801 021730523,1.687730,1.688030,0
20140801 021731523,1.687720,1.688020,0
20140801 021735523,1.687730,1.688030,0
20140801 021736023,1.687720,1.688020,0
20140801 021736523,1.687730,1.688030,0
20140801 021736773,1.687720,1.688020,0
20140801 021739023,1.687710,1.688010,0
20140801 021740257,1.687720,1.688020,0
20140801 021740523,1.687710,1.688010,0
20140801 021740773,1.687720,1.688020,0
20140801 021742773,1.687730,1.688030,0
20140801 021744023,1.687720,1.688020,0
20140801 021744523,1.687730,1.688030,0
20140801 021745287,1.687720,1.688020,0
20140801 021746273,1.687730,1.688030,0
20140801 021746523,1.687720,1.688020,0
20140801 021752773,1.687710,1.688010,0
20140801 021758773,1.687720,1.688020,0
20140801 021800287,1.687710,1.688010,0
20140801 021801023,1.687720,1.688020,0
20140801 021802023,1.687730,1.688030,0
20140801 021803273,1.687720,1.688020,0
20140801 021804023,1.687710,1.688010,0
20140801 021804787,1.687700,1.688000,0
20140801 021805037,1.687680,1.687980,0
20140801 021805287,1.687640,1.687940,0
20140801 021805537,1.687630,1.687930,0
20140801 021808023,1.687610,1.687910,0
20140801 021808523,1.687620,1.687920,0
20140801 021809773,1.687600,1.687900,0
20140801 021810023,1.687590,1.687890,0
20140801 021810273,1.687570,1.687870,0
20140801 021810523,1.687560,1.687860,0
20140801 021810773,1.687550,1.687850,0
20140801 021814273,1.687540,1.687840,0
20140801 021815273,1.687530,1.687830,0
20140801 021815523,1.687510,1.687810,0
20140801 021818523,1.687540,1.687840,0
20140801 021823757,1.687550,1.687850,0
20140801 021826757,1.687540,1.687840,0
20140801 021828020,1.687550,1.687850,0
20140801 021828257,1.687560,1.687860,0
20140801 021828507,1.687580,1.687880,0
20140801 021828757,1.687600,1.687900,0
20140801 021835507,1.687610,1.687910,0
20140801 021905257,1.687600,1.687900,0
20140801 021907007,1.687590,1.687890,0
20140801 021908507,1.687600,1.687900,0
20140801 021912507,1.687590,1.687890,0
20140801 021916787,1.687600,1.687900,0
20140801 021917270,1.687590,1.687890,0
20140801 021917520,1.687600,1.687900,0
20140801 021918520,1.687590,1.687890,0
20140801 021920020,1.687600,1.687900,0
20140801 021921037,1.687610,1.687910,0
20140801 021921270,1.687620,1.687920,0
20140801 021922270,1.687610,1.687910,0
20140801 021923770,1.687620,1.687920,0
20140801 021924270,1.687610,1.687910,0
20140801 021925770,1.687620,1.687920,0
20140801 021934770,1.687630,1.687930,0
20140801 021935520,1.687620,1.687920,0
20140801 021936020,1.687630,1.687930,0
20140801 021936287,1.687620,1.687920,0
20140801 021938020,1.687610,1.687910,0
20140801 021938520,1.687620,1.687920,0
20140801 021938770,1.687610,1.687910,0
20140801 021939020,1.687620,1.687920,0
20140801 021942037,1.687630,1.687930,0
20140801 021942270,1.687620,1.687920,0
20140801 021942520,1.687610,1.687910,0
20140801 021948020,1.687620,1.687920,0
20140801 021950020,1.687610,1.687910,0
20140801 021952507,1.687620,1.687920,0
20140801 021952757,1.687630,1.687930,0
20140801 021954507,1.687620,1.687920,0
20140801 021954757,1.687630,1.687930,0
20140801 022001257,1.687620,1.687920,0
20140801 022004520,1.687630,1.687930,0
20140801 022006770,1.687620,1.687920,0
20140801 022007020,1.687630,1.687930,0
20140801 022007270,1.687620,1.687920,0
20140801 022007770,1.687630,1.687930,0
20140801 022008020,1.687620,1.687920,0
20140801 022008770,1.687630,1.687930,0
20140801 022016770,1.687620,1.687920,0
20140801 022017270,1.687630,1.687930,0
20140801 022018020,1.687620,1.687920,0
20140801 022018270,1.687630,1.687930,0
20140801 022018520,1.687620,1.687920,0
20140801 022018770,1.687630,1.687930,0
20140801 022019007,1.687620,1.687920,0
20140801 022020770,1.687630,1.687930,0
20140801 022024520,1.687620,1.687920,0
20140801 022024770,1.687630,1.687930,0
20140801 022025520,1.687620,1.687920,0
20140801 022028020,1.687630,1.687930,0
20140801 022033520,1.687600,1.687900,0
20140801 022033770,1.687590,1.687890,0
20140801 022034020,1.687620,1.687920,0
20140801 022034257,1.687630,1.687930,0
20140801 022034757,1.687620,1.687920,0
20140801 022039520,1.687640,1.687940,0
20140801 022039770,1.687650,1.687950,0
20140801 022046020,1.687640,1.687940,0
20140801 022046270,1.687610,1.687910,0
20140801 022046520,1.687620,1.687920,0
20140801 022046910,1.687600,1.687900,0
20140801 022047020,1.687620,1.687920,0
20140801 022048270,1.687630,1.687930,0
20140801 022048520,1.687640,1.687940,0
20140801 022049770,1.687650,1.687950,0
20140801 022106520,1.687660,1.687960,0
20140801 022106770,1.687700,1.688000,0
20140801 022129520,1.687690,1.687990,0
20140801 022130270,1.687700,1.688000,0
20140801 022131520,1.687690,1.687990,0
20140801 022131770,1.687700,1.688000,0
20140801 022143020,1.687690,1.687990,0
20140801 022143520,1.687680,1.687980,0
20140801 022144520,1.687690,1.687990,0
20140801 022147020,1.687700,1.688000,0
20140801 022153520,1.687710,1.688010,0
20140801 022200503,1.687700,1.688000,0
20140801 022201020,1.687710,1.688010,0
20140801 022201520,1.687700,1.688000,0
20140801 022201770,1.687710,1.688010,0
20140801 022218270,1.687720,1.688020,0
20140801 022222020,1.687710,1.688010,0
20140801 022224770,1.687720,1.688020,0
20140801 022225020,1.687730,1.688030,0
20140801 022225270,1.687740,1.688040,0
20140801 022225520,1.687750,1.688050,0
20140801 022225770,1.687740,1.688040,0
20140801 022227270,1.687750,1.688050,0
20140801 022227520,1.687740,1.688040,0
20140801 022227770,1.687750,1.688050,0
20140801 022228503,1.687740,1.688040,0
20140801 022228770,1.687750,1.688050,0
20140801 022229020,1.687740,1.688040,0
20140801 022229270,1.687730,1.688030,0
20140801 022229520,1.687720,1.688020,0
20140801 022232020,1.687710,1.688010,0
20140801 022243270,1.687720,1.688020,0
20140801 022253270,1.687740,1.688040,0
20140801 022253520,1.687830,1.688130,0
20140801 022253770,1.687850,1.688150,0
20140801 022254020,1.687920,1.688220,0
20140801 022254520,1.687930,1.688230,0
20140801 022255270,1.687920,1.688220,0
20140801 022258770,1.687900,1.688200,0
20140801 022259020,1.687860,1.688160,0
20140801 022259253,1.687840,1.688140,0
20140801 022306520,1.687830,1.688130,0
20140801 022307270,1.687820,1.688120,0
20140801 022309270,1.687810,1.688110,0
20140801 022309520,1.687780,1.688080,0
20140801 022310520,1.687770,1.688070,0
20140801 022310787,1.687790,1.688090,0
20140801 022311037,1.687820,1.688120,0
20140801 022311270,1.687850,1.688150,0
20140801 022311520,1.687830,1.688130,0
20140801 022311770,1.687860,1.688160,0
20140801 022312020,1.687830,1.688130,0
20140801 022313770,1.687810,1.688110,0
20140801 022318020,1.687820,1.688120,0
20140801 022322270,1.687810,1.688110,0
20140801 022322520,1.687820,1.688120,0
20140801 022331770,1.687800,1.688100,0
20140801 022344253,1.687830,1.688130,0
20140801 022347253,1.687840,1.688140,0
20140801 022349003,1.687830,1.688130,0
20140801 022350520,1.687820,1.688120,0
20140801 022350770,1.687790,1.688090,0
20140801 022351020,1.687780,1.688080,0
20140801 022351270,1.687770,1.688070,0
20140801 022353020,1.687780,1.688080,0
20140801 022357520,1.687770,1.688070,0
20140801 022358520,1.687780,1.688080,0
20140801 022359503,1.687770,1.688070,0
20140801 022359770,1.687780,1.688080,0
20140801 022403770,1.687790,1.688090,0
20140801 022404270,1.687820,1.688120,0
20140801 022404520,1.687790,1.688090,0
20140801 022412520,1.687810,1.688110,0
20140801 022416270,1.687800,1.688100,0
20140801 022425270,1.687810,1.688110,0
20140801 022425770,1.687830,1.688130,0
20140801 022426020,1.687820,1.688120,0
20140801 022426270,1.687810,1.688110,0
20140801 022426520,1.687820,1.688120,0
20140801 022426770,1.687810,1.688110,0
20140801 022431270,1.687780,1.688080,0
20140801 022445520,1.687790,1.688090,0
20140801 022452003,1.687780,1.688080,0
20140801 022502270,1.687800,1.688100,0
20140801 022502520,1.687780,1.688080,0
20140801 022515520,1.687790,1.688090,0
20140801 022515783,1.687780,1.688080,0
20140801 022549503,1.687790,1.688090,0
20140801 022554003,1.687800,1.688100,0
20140801 022554270,1.687810,1.688110,0
20140801 022554503,1.687820,1.688120,0
20140801 022554770,1.687840,1.688140,0
20140801 022557520,1.687830,1.688130,0
20140801 022557770,1.687820,1.688120,0
20140801 022558020,1.687830,1.688130,0
20140801 022613517,1.687820,1.688120,0
20140801 022655753,1.687810,1.688110,0
20140801 022658503,1.687800,1.688100,0
20140801 022711267,1.687810,1.688110,0
20140801 022711517,1.687800,1.688100,0
20140801 022714517,1.687790,1.688090,0
20140801 022715017,1.687800,1.688100,0
20140801 022755517,1.687810,1.688110,0
20140801 022758267,1.687820,1.688120,0
20140801 022801517,1.687830,1.688130,0
20140801 022802017,1.687820,1.688120,0
20140801 022803517,1.687830,1.688130,0
20140801 022804017,1.687820,1.688120,0
20140801 022825267,1.687810,1.688110,0
20140801 022825517,1.687820,1.688120,0
20140801 022825767,1.687810,1.688110,0
20140801 022826017,1.687820,1.688120,0
20140801 022828017,1.687810,1.688110,0
20140801 022830267,1.687820,1.688120,0
20140801 022832783,1.687830,1.688130,0
20140801 022834017,1.687820,1.688120,0
20140801 022841517,1.687830,1.688130,0
20140801 022842017,1.687820,1.688120,0
20140801 022850017,1.687810,1.688110,0
20140801 022851267,1.687820,1.688120,0
20140801 022900517,1.687830,1.688130,0
20140801 022900767,1.687820,1.688120,0
20140801 022902017,1.687830,1.688130,0
20140801 022906300,1.687820,1.688120,0
20140801 022907033,1.687810,1.688110,0
20140801 022908767,1.687820,1.688120,0
20140801 022911767,1.687810,1.688110,0
20140801 022913767,1.687820,1.688120,0
20140801 022914017,1.687810,1.688110,0
20140801 022916767,1.687800,1.688100,0
20140801 022917017,1.687790,1.688090,0
20140801 022917267,1.687750,1.688050,0
20140801 022917767,1.687760,1.688060,0
20140801 022922767,1.687750,1.688050,0
20140801 022923063,1.687730,1.688030,0
20140801 022923127,1.687720,1.688020,0
20140801 022928767,1.687730,1.688030,0
20140801 022929017,1.687710,1.688010,0
20140801 022932017,1.687720,1.688020,0
20140801 022933267,1.687710,1.688010,0
20140801 022936517,1.687720,1.688020,0
20140801 022937267,1.687710,1.688010,0
20140801 022940017,1.687700,1.688000,0
20140801 023000267,1.687710,1.688010,0
20140801 023000517,1.687740,1.688040,0
20140801 023001017,1.687730,1.688030,0
20140801 023002767,1.687710,1.688010,0
20140801 023003267,1.687690,1.687990,0
20140801 023006767,1.687720,1.688020,0
20140801 023010017,1.687730,1.688030,0
20140801 023014767,1.687720,1.688020,0
20140801 023015267,1.687730,1.688030,0
20140801 023037267,1.687750,1.688050,0
20140801 023037517,1.687760,1.688060,0
20140801 023040517,1.687730,1.688030,0
20140801 023040767,1.687750,1.688050,0
20140801 023041017,1.687760,1.688060,0
20140801 023041250,1.687770,1.688070,0
20140801 023042033,1.687760,1.688060,0
20140801 023055267,1.687750,1.688050,0
20140801 023100267,1.687760,1.688060,0
20140801 023100533,1.687750,1.688050,0
20140801 023100783,1.687780,1.688080,0
20140801 023101517,1.687790,1.688090,0
20140801 023101767,1.687810,1.688110,0
20140801 023104517,1.687820,1.688120,0
20140801 023106267,1.687810,1.688110,0
20140801 023106517,1.687820,1.688120,0
20140801 023111267,1.687800,1.688100,0
20140801 023111517,1.687730,1.688030,0
20140801 023114767,1.687720,1.688020,0
20140801 023129017,1.687730,1.688030,0
20140801 023150517,1.687720,1.688020,0
20140801 023150767,1.687730,1.688030,0
20140801 023159767,1.687740,1.688040,0
20140801 023205517,1.687730,1.688030,0
20140801 023211767,1.687720,1.688020,0
20140801 023215017,1.687710,1.688010,0
20140801 023218063,1.687720,1.688020,0
20140801 023218250,1.687710,1.688010,0
20140801 023218517,1.687720,1.688020,0
20140801 023225750,1.687690,1.687990,0
20140801 023226017,1.687670,1.687970,0
20140801 023226267,1.687660,1.687960,0
20140801 023231767,1.687670,1.687970,0
20140801 023232767,1.687660,1.687960,0
20140801 023233517,1.687670,1.687970,0
20140801 023235533,1.687660,1.687960,0
20140801 023237017,1.687670,1.687970,0
20140801 023244517,1.687660,1.687960,0
20140801 023245017,1.687680,1.687980,0
20140801 023248767,1.687660,1.687960,0
20140801 023253767,1.687630,1.687930,0
20140801 023254033,1.687540,1.687840,0
20140801 023254267,1.687570,1.687870,0
20140801 023254517,1.687610,1.687910,0
20140801 023255017,1.687620,1.687920,0
20140801 023255517,1.687610,1.687910,0
20140801 023256017,1.687620,1.687920,0
20140801 023257767,1.687630,1.687930,0
20140801 023259517,1.687650,1.687950,0
20140801 023300767,1.687660,1.687960,0
20140801 023301017,1.687680,1.687980,0
20140801 023301267,1.687720,1.688020,0
20140801 023301517,1.687690,1.687990,0
20140801 023302267,1.687700,1.688000,0
20140801 023302517,1.687690,1.687990,0
20140801 023314017,1.687720,1.688020,0
20140801 023318017,1.687710,1.688010,0
20140801 023322017,1.687700,1.688000,0
20140801 023322267,1.687690,1.687990,0
20140801 023325267,1.687680,1.687980,0
20140801 023325517,1.687690,1.687990,0
20140801 023339267,1.687680,1.687980,0
20140801 023339517,1.687710,1.688010,0
20140801 023343017,1.687700,1.688000,0
20140801 023343250,1.687680,1.687980,0
20140801 023343500,1.687670,1.687970,0
20140801 023352750,1.687680,1.687980,0
20140801 023355250,1.687690,1.687990,0
20140801 023356250,1.687700,1.688000,0
20140801 023356500,1.687690,1.687990,0
20140801 023402750,1.687680,1.687980,0
20140801 023407017,1.687690,1.687990,0
20140801 023504530,1.687680,1.687980,0
20140801 023504767,1.687670,1.687970,0
20140801 023505017,1.687660,1.687960,0
20140801 023505517,1.687670,1.687970,0
20140801 023505750,1.687660,1.687960,0
20140801 023508517,1.687640,1.687940,0
20140801 023511500,1.687650,1.687950,0
20140801 023516017,1.687640,1.687940,0
20140801 023517017,1.687630,1.687930,0
20140801 023518017,1.687640,1.687940,0
20140801 023520017,1.687630,1.687930,0
20140801 023520267,1.687620,1.687920,0
20140801 023610517,1.687630,1.687930,0
20140801 023621530,1.687640,1.687940,0
20140801 023621780,1.687670,1.687970,0
20140801 023622017,1.687650,1.687950,0
20140801 023622267,1.687630,1.687930,0
20140801 023626017,1.687620,1.687920,0
20140801 023636013,1.687610,1.687910,0
20140801 023636513,1.687620,1.687920,0
20140801 023642263,1.687670,1.687970,0
20140801 023642513,1.687630,1.687930,0
20140801 023649013,1.687660,1.687960,0
20140801 023649263,1.687640,1.687940,0
20140801 023649513,1.687630,1.687930,0
20140801 023655263,1.687640,1.687940,0
20140801 023655513,1.687630,1.687930,0
20140801 023658047,1.687620,1.687920,0
20140801 023701013,1.687630,1.687930,0
20140801 023703513,1.687620,1.687920,0
20140801 023710263,1.687630,1.687930,0
20140801 023711263,1.687620,1.687920,0
20140801 023714763,1.687630,1.687930,0
20140801 023718013,1.687620,1.687920,0
20140801 023718263,1.687610,1.687910,0
20140801 023724513,1.687600,1.687900,0
20140801 023725513,1.687610,1.687910,0
20140801 023727263,1.687600,1.687900,0
20140801 023729763,1.687610,1.687910,0
20140801 023733060,1.687620,1.687920,0
20140801 023735263,1.687610,1.687910,0
20140801 023736513,1.687620,1.687920,0
20140801 023738030,1.687610,1.687910,0
20140801 023741013,1.687590,1.687890,0
20140801 023741263,1.687580,1.687880,0
20140801 023741513,1.687610,1.687910,0
20140801 023742513,1.687620,1.687920,0
20140801 023743013,1.687610,1.687910,0
20140801 023746763,1.687600,1.687900,0
20140801 023747013,1.687590,1.687890,0
20140801 023747247,1.687600,1.687900,0
20140801 023748013,1.687610,1.687910,0
20140801 023749513,1.687620,1.687920,0
20140801 023752747,1.687610,1.687910,0
20140801 023753013,1.687620,1.687920,0
20140801 023753247,1.687640,1.687940,0
20140801 023758513,1.687630,1.687930,0
20140801 023758763,1.687620,1.687920,0
20140801 023801763,1.687610,1.687910,0
20140801 023802513,1.687600,1.687900,0
20140801 023803513,1.687610,1.687910,0
20140801 023804263,1.687590,1.687890,0
20140801 023804513,1.687610,1.687910,0
20140801 023804763,1.687620,1.687920,0
20140801 023805013,1.687630,1.687930,0
20140801 023809263,1.687610,1.687910,0
20140801 023809513,1.687620,1.687920,0
20140801 023809763,1.687600,1.687900,0
20140801 023810013,1.687570,1.687870,0
20140801 023810263,1.687600,1.687900,0
20140801 023810513,1.687610,1.687910,0
20140801 023810763,1.687630,1.687930,0
20140801 023812513,1.687620,1.687920,0
20140801 023812763,1.687630,1.687930,0
20140801 023816013,1.687560,1.687860,0
20140801 023816263,1.687550,1.687850,0
20140801 023817763,1.687540,1.687840,0
20140801 023821513,1.687550,1.687850,0
20140801 023822513,1.687540,1.687840,0
20140801 023825263,1.687550,1.687850,0
20140801 023858247,1.687540,1.687840,0
20140801 023858497,1.687550,1.687850,0
20140801 023858747,1.687540,1.687840,0
20140801 023859247,1.687550,1.687850,0
20140801 023900513,1.687540,1.687840,0
20140801 023901263,1.687550,1.687850,0
20140801 023901763,1.687560,1.687860,0
20140801 023901997,1.687550,1.687850,0
20140801 023902247,1.687560,1.687860,0
20140801 023902497,1.687570,1.687870,0
20140801 023907513,1.687580,1.687880,0
20140801 023915013,1.687640,1.687940,0
20140801 023917013,1.687630,1.687930,0
20140801 023917763,1.687640,1.687940,0
20140801 023919763,1.687630,1.687930,0
20140801 023920513,1.687590,1.687890,0
20140801 023920763,1.687560,1.687860,0
20140801 023922513,1.687530,1.687830,0
20140801 023936513,1.687540,1.687840,0
20140801 023942497,1.687530,1.687830,0
20140801 023951247,1.687520,1.687820,0
20140801 023951497,1.687530,1.687830,0
20140801 024013247,1.687510,1.687810,0
20140801 024013497,1.687530,1.687830,0
20140801 024026497,1.687520,1.687820,0
20140801 024055263,1.687530,1.687830,0
20140801 024055513,1.687520,1.687820,0
20140801 024057263,1.687530,1.687830,0
20140801 024057513,1.687520,1.687820,0
20140801 024059013,1.687530,1.687830,0
20140801 024059513,1.687520,1.687820,0
20140801 024101013,1.687530,1.687830,0
20140801 024103497,1.687520,1.687820,0
20140801 024104997,1.687530,1.687830,0
20140801 024111497,1.687520,1.687820,0
20140801 024111747,1.687530,1.687830,0
20140801 024115497,1.687520,1.687820,0
20140801 024127263,1.687490,1.687790,0
20140801 024142513,1.687480,1.687780,0
20140801 024153747,1.687490,1.687790,0
20140801 024154497,1.687480,1.687780,0
20140801 024155747,1.687490,1.687790,0
20140801 024155997,1.687480,1.687780,0
20140801 024208747,1.687490,1.687790,0
20140801 024211497,1.687480,1.687780,0
20140801 024211747,1.687460,1.687760,0
20140801 024212247,1.687470,1.687770,0
20140801 024214747,1.687480,1.687780,0
20140801 024221247,1.687460,1.687760,0
20140801 024221747,1.687480,1.687780,0
20140801 024239497,1.687470,1.687770,0
20140801 024239747,1.687480,1.687780,0
20140801 024239997,1.687470,1.687770,0
20140801 024247013,1.687430,1.687730,0
20140801 024247263,1.687410,1.687710,0
20140801 024256763,1.687420,1.687720,0
20140801 024257527,1.687410,1.687710,0
20140801 024257763,1.687420,1.687720,0
20140801 024301777,1.687430,1.687730,0
20140801 024302027,1.687440,1.687740,0
