TIME,MIN,MAX,OTHER
20140801 000008670,0.850150,0.850450,0
20140801 000015420,0.850170,0.850470,0
20140801 000015670,0.850180,0.850480,0
20140801 000015920,0.850170,0.850470,0
20140801 000016670,0.850180,0.850480,0
20140801 000017420,0.850170,0.850470,0
20140801 000030167,0.850160,0.850460,0
20140801 000030667,0.850150,0.850450,0
20140801 000035917,0.850140,0.850440,0
20140801 000036183,0.850130,0.850430,0
20140801 000045417,0.850110,0.850410,0
20140801 000045667,0.850080,0.850380,0
20140801 000046167,0.850070,0.850370,0
20140801 000048667,0.850080,0.850380,0
20140801 000058167,0.850090,0.850390,0
20140801 000106917,0.850070,0.850370,0
20140801 000107167,0.850020,0.850320,0
20140801 000108417,0.850000,0.850300,0
20140801 000121683,0.850010,0.850310,0
20140801 000126683,0.850020,0.850320,0
20140801 000132933,0.850010,0.850310,0
20140801 000133183,0.850020,0.850320,0
20140801 000133433,0.850010,0.850310,0
20140801 000133933,0.850020,0.850320,0
20140801 000134917,0.850030,0.850330,0
20140801 000137683,0.850020,0.850320,0
20140801 000156433,0.850030,0.850330,0
20140801 000159183,0.850020,0.850320,0
20140801 000159433,0.850030,0.850330,0
20140801 000200183,0.850020,0.850320,0
20140801 000203433,0.850030,0.850330,0
20140801 000203683,0.850020,0.850320,0
20140801 000204683,0.850030,0.850330,0
20140801 000205183,0.850020,0.850320,0
20140801 000205433,0.850030,0.850330,0
20140801 000206433,0.850020,0.850320,0
20140801 000206683,0.850030,0.850330,0
20140801 000206933,0.850040,0.850340,0
20140801 000207183,0.850060,0.850360,0
20140801 000207433,0.850070,0.850370,0
20140801 000321667,0.850080,0.850380,0
20140801 000321917,0.850100,0.850400,0
20140801 000357167,0.850090,0.850390,0
20140801 000408667,0.850080,0.850380,0
20140801 000408917,0.850090,0.850390,0
20140801 000607197,0.850080,0.850380,0
20140801 000608947,0.850090,0.850390,0
20140801 000615197,0.850080,0.850380,0
20140801 000616947,0.850090,0.850390,0
20140801 000617447,0.850080,0.850380,0
20140801 000617697,0.850090,0.850390,0
20140801 000619197,0.850080,0.850380,0
20140801 000621947,0.850070,0.850370,0
20140801 000633197,0.850060,0.850360,0
20140801 000743947,0.850050,0.850350,0
20140801 000744197,0.850020,0.850320,0
20140801 000744447,0.850010,0.850310,0
20140801 000744697,0.850000,0.850300,0
20140801 000745447,0.849980,0.850280,0
20140801 000811197,0.849970,0.850270,0
20140801 000820697,0.849950,0.850250,0
20140801 000820947,0.849930,0.850230,0
20140801 000821197,0.849920,0.850220,0
20140801 000830680,0.849930,0.850230,0
20140801 000831180,0.849940,0.850240,0
20140801 000854430,0.849900,0.850200,0
20140801 000854680,0.849910,0.850210,0
20140801 000854930,0.849970,0.850270,0
20140801 000855180,0.849980,0.850280,0
20140801 000855430,0.849970,0.850270,0
20140801 000856680,0.850000,0.850300,0
20140801 000856930,0.849990,0.850290,0
20140801 000912430,0.849980,0.850280,0
20140801 000912680,0.850000,0.850300,0
20140801 000914180,0.850010,0.850310,0
20140801 001008680,0.850000,0.850300,0
20140801 001008930,0.850010,0.850310,0
20140801 001024180,0.850000,0.850300,0
20140801 001026180,0.850010,0.850310,0
20140801 001031930,0.850020,0.850320,0
20140801 001032680,0.850030,0.850330,0
20140801 001032947,0.850010,0.850310,0
20140801 001033930,0.850020,0.850320,0
20140801 001035430,0.850010,0.850310,0
20140801 001036430,0.850020,0.850320,0
20140801 001037680,0.850010,0.850310,0
20140801 001044930,0.850030,0.850330,0
20140801 001045180,0.850050,0.850350,0
20140801 001046930,0.850040,0.850340,0
20140801 001049930,0.850030,0.850330,0
20140801 001057930,0.850010,0.850310,0
20140801 001059930,0.850020,0.850320,0
20140801 001156680,0.850040,0.850340,0
20140801 001156930,0.850050,0.850350,0
20140801 001157930,0.850060,0.850360,0
20140801 001208680,0.850070,0.850370,0
20140801 001208930,0.850060,0.850360,0
20140801 001230680,0.850070,0.850370,0
20140801 001231930,0.850060,0.850360,0
20140801 001243930,0.850070,0.850370,0
20140801 001244180,0.850060,0.850360,0
20140801 001246430,0.850070,0.850370,0
20140801 001248180,0.850060,0.850360,0
20140801 001310680,0.850070,0.850370,0
20140801 001316930,0.850090,0.850390,0
20140801 001341447,0.850070,0.850370,0
20140801 001341680,0.850090,0.850390,0
20140801 001343180,0.850100,0.850400,0
20140801 001402430,0.850120,0.850420,0
20140801 001402680,0.850170,0.850470,0
20140801 001402930,0.850190,0.850490,0
20140801 001405680,0.850200,0.850500,0
20140801 001408193,0.850230,0.850530,0
20140801 001416180,0.850220,0.850520,0
20140801 001421930,0.850210,0.850510,0
20140801 001442680,0.850200,0.850500,0
20140801 001443680,0.850170,0.850470,0
20140801 001443930,0.850160,0.850460,0
20140801 001444180,0.850110,0.850410,0
20140801 001444430,0.850100,0.850400,0
20140801 001445680,0.850110,0.850410,0
20140801 001445943,0.850120,0.850420,0
20140801 001453680,0.850130,0.850430,0
20140801 001456180,0.850140,0.850440,0
20140801 001502430,0.850110,0.850410,0
20140801 001502930,0.850120,0.850420,0
20140801 001504180,0.850100,0.850400,0
20140801 001509927,0.850090,0.850390,0
20140801 001512427,0.850080,0.850380,0
20140801 001522927,0.850070,0.850370,0
20140801 001523927,0.850060,0.850360,0
20140801 001524177,0.850070,0.850370,0
20140801 001524427,0.850060,0.850360,0
20140801 001527427,0.850070,0.850370,0
20140801 001527677,0.850060,0.850360,0
20140801 001528177,0.850080,0.850380,0
20140801 001528427,0.850090,0.850390,0
20140801 001528677,0.850120,0.850420,0
20140801 001528927,0.850110,0.850410,0
20140801 001529177,0.850120,0.850420,0
20140801 001529427,0.850110,0.850410,0
20140801 001529927,0.850140,0.850440,0
20140801 001530427,0.850120,0.850420,0
20140801 001530677,0.850110,0.850410,0
20140801 001531677,0.850100,0.850400,0
20140801 001531927,0.850110,0.850410,0
20140801 001544677,0.850060,0.850360,0
20140801 001544927,0.850070,0.850370,0
20140801 001545193,0.850100,0.850400,0
20140801 001545927,0.850090,0.850390,0
20140801 001547177,0.850080,0.850380,0
20140801 001548070,0.850050,0.850350,0
20140801 001548427,0.850020,0.850320,0
20140801 001550927,0.850010,0.850310,0
20140801 001551177,0.850020,0.850320,0
20140801 001551427,0.850040,0.850340,0
20140801 001551677,0.850050,0.850350,0
20140801 001551927,0.850040,0.850340,0
20140801 001600427,0.850080,0.850380,0
20140801 001600677,0.850090,0.850390,0
20140801 001600927,0.850100,0.850400,0
20140801 001607927,0.850090,0.850390,0
20140801 001614427,0.850100,0.850400,0
20140801 001615427,0.850090,0.850390,0
20140801 001624427,0.850100,0.850400,0
20140801 001625427,0.850090,0.850390,0
20140801 001627927,0.850100,0.850400,0
20140801 001628927,0.850090,0.850390,0
20140801 001630927,0.850060,0.850360,0
20140801 001635443,0.850070,0.850370,0
20140801 001650693,0.850080,0.850380,0
20140801 001652443,0.850070,0.850370,0
20140801 001652693,0.850080,0.850380,0
20140801 001702210,0.850060,0.850360,0
20140801 001702443,0.850040,0.850340,0
20140801 001702943,0.850050,0.850350,0
20140801 001703443,0.850040,0.850340,0
20140801 001704443,0.850120,0.850420,0
20140801 001704693,0.850130,0.850430,0
20140801 001704943,0.850160,0.850460,0
20140801 001705193,0.850150,0.850450,0
20140801 001705693,0.850160,0.850460,0
20140801 001707193,0.850150,0.850450,0
20140801 001708443,0.850170,0.850470,0
20140801 001708693,0.850160,0.850460,0
20140801 001708943,0.850150,0.850450,0
20140801 001711193,0.850180,0.850480,0
20140801 001711443,0.850170,0.850470,0
20140801 001711693,0.850180,0.850480,0
20140801 001711943,0.850190,0.850490,0
20140801 001712693,0.850180,0.850480,0
20140801 001712943,0.850190,0.850490,0
20140801 001720943,0.850180,0.850480,0
20140801 001722443,0.850190,0.850490,0
20140801 001722943,0.850180,0.850480,0
20140801 001724193,0.850170,0.850470,0
20140801 001724443,0.850180,0.850480,0
20140801 001724693,0.850170,0.850470,0
20140801 001725693,0.850160,0.850460,0
20140801 001731193,0.850170,0.850470,0
20140801 001738193,0.850140,0.850440,0
20140801 001753193,0.850130,0.850430,0
20140801 001755193,0.850120,0.850420,0
20140801 001817443,0.850130,0.850430,0
20140801 001817943,0.850120,0.850420,0
20140801 001818193,0.850130,0.850430,0
20140801 001818693,0.850120,0.850420,0
20140801 001818943,0.850130,0.850430,0
20140801 001841693,0.850120,0.850420,0
20140801 001841943,0.850090,0.850390,0
20140801 001848693,0.850110,0.850410,0
20140801 001851943,0.850100,0.850400,0
20140801 001852193,0.850090,0.850390,0
20140801 001852443,0.850100,0.850400,0
20140801 001852693,0.850090,0.850390,0
20140801 001852943,0.850100,0.850400,0
20140801 001853193,0.850090,0.850390,0
20140801 001853443,0.850100,0.850400,0
20140801 001853693,0.850090,0.850390,0
20140801 001853943,0.850100,0.850400,0
20140801 001854693,0.850090,0.850390,0
20140801 001855193,0.850100,0.850400,0
20140801 001855693,0.850090,0.850390,0
20140801 001856693,0.850100,0.850400,0
20140801 001857193,0.850090,0.850390,0
20140801 001900693,0.850100,0.850400,0
20140801 001904443,0.850110,0.850410,0
20140801 001904693,0.850100,0.850400,0
20140801 001907443,0.850090,0.850390,0
20140801 001907943,0.850100,0.850400,0
20140801 001908193,0.850090,0.850390,0
20140801 001910943,0.850080,0.850380,0
20140801 001923943,0.850100,0.850400,0
20140801 001926193,0.850120,0.850420,0
20140801 001927193,0.850110,0.850410,0
20140801 001927443,0.850090,0.850390,0
20140801 001927693,0.850080,0.850380,0
20140801 001929193,0.850070,0.850370,0
20140801 001931693,0.850080,0.850380,0
20140801 001932693,0.850070,0.850370,0
20140801 001943193,0.850080,0.850380,0
20140801 001943443,0.850070,0.850370,0
20140801 002040677,0.850080,0.850380,0
20140801 002041427,0.850070,0.850370,0
20140801 002041677,0.850080,0.850380,0
20140801 002042177,0.850070,0.850370,0
20140801 002042427,0.850080,0.850380,0
20140801 002110427,0.850060,0.850360,0
20140801 002119177,0.850050,0.850350,0
20140801 002147927,0.850060,0.850360,0
20140801 002209190,0.850050,0.850350,0
20140801 002214690,0.850060,0.850360,0
20140801 002235940,0.850050,0.850350,0
20140801 002236190,0.850060,0.850360,0
20140801 002312940,0.850070,0.850370,0
20140801 002313440,0.850060,0.850360,0
20140801 002314440,0.850070,0.850370,0
20140801 002315190,0.850060,0.850360,0
20140801 002315940,0.850070,0.850370,0
20140801 002322440,0.850060,0.850360,0
20140801 002323190,0.850070,0.850370,0
20140801 002323690,0.850060,0.850360,0
20140801 002324440,0.850070,0.850370,0
20140801 002324690,0.850060,0.850360,0
20140801 002327690,0.850070,0.850370,0
20140801 002328440,0.850060,0.850360,0
20140801 002329440,0.850070,0.850370,0
20140801 002329940,0.850060,0.850360,0
20140801 002334690,0.850050,0.850350,0
20140801 002353690,0.850030,0.850330,0
20140801 002354940,0.850000,0.850300,0
20140801 002355190,0.849980,0.850280,0
20140801 002355940,0.849970,0.850270,0
20140801 002356190,0.849950,0.850250,0
20140801 002357190,0.849940,0.850240,0
20140801 002408440,0.849950,0.850250,0
20140801 002409440,0.849940,0.850240,0
20140801 002412690,0.849930,0.850230,0
20140801 002412940,0.849940,0.850240,0
20140801 002424690,0.849930,0.850230,0
20140801 002433940,0.849920,0.850220,0
20140801 002441440,0.849870,0.850170,0
20140801 002441690,0.849880,0.850180,0
20140801 002441957,0.849840,0.850140,0
20140801 002442190,0.849800,0.850100,0
20140801 002451690,0.849790,0.850090,0
20140801 002603957,0.849780,0.850080,0
20140801 002604207,0.849790,0.850090,0
20140801 002629707,0.849780,0.850080,0
20140801 002630220,0.849790,0.850090,0
20140801 002700440,0.849780,0.850080,0
20140801 002700690,0.849790,0.850090,0
20140801 002701190,0.849780,0.850080,0
20140801 002701690,0.849790,0.850090,0
20140801 002729690,0.849800,0.850100,0
20140801 002729940,0.849790,0.850090,0
20140801 002738940,0.849800,0.850100,0
20140801 002739690,0.849790,0.850090,0
20140801 002740690,0.849800,0.850100,0
20140801 002740940,0.849790,0.850090,0
20140801 002743440,0.849800,0.850100,0
20140801 002743690,0.849790,0.850090,0
20140801 002743940,0.849800,0.850100,0
20140801 002746190,0.849790,0.850090,0
20140801 002747440,0.849800,0.850100,0
20140801 002748690,0.849790,0.850090,0
20140801 002748940,0.849800,0.850100,0
20140801 002751940,0.849790,0.850090,0
20140801 002752940,0.849800,0.850100,0
20140801 002753440,0.849790,0.850090,0
20140801 002842440,0.849800,0.850100,0
20140801 002906440,0.849810,0.850110,0
20140801 002914940,0.849800,0.850100,0
20140801 002917453,0.849830,0.850130,0
20140801 002917690,0.849850,0.850150,0
20140801 002917940,0.849880,0.850180,0
20140801 002918190,0.849870,0.850170,0
20140801 002939690,0.849880,0.850180,0
20140801 002953937,0.849890,0.850190,0
20140801 002954187,0.849900,0.850200,0
20140801 002954703,0.849880,0.850180,0
20140801 003016953,0.849870,0.850170,0
20140801 003025437,0.849850,0.850150,0
20140801 003025687,0.849840,0.850140,0
20140801 003025937,0.849820,0.850120,0
20140801 003027937,0.849810,0.850110,0
20140801 003031437,0.849800,0.850100,0
20140801 003032687,0.849790,0.850090,0
20140801 003124453,0.849780,0.850080,0
20140801 003144953,0.849790,0.850090,0
20140801 003145203,0.849780,0.850080,0
20140801 003151703,0.849770,0.850070,0
20140801 003155437,0.849760,0.850060,0
20140801 003156703,0.849770,0.850070,0
20140801 003157703,0.849760,0.850060,0
20140801 003200953,0.849840,0.850140,0
20140801 003201203,0.849850,0.850150,0
20140801 003201453,0.849800,0.850100,0
20140801 003201703,0.849790,0.850090,0
20140801 003203703,0.849780,0.850080,0
20140801 003206703,0.849770,0.850070,0
20140801 003207203,0.849780,0.850080,0
20140801 003211953,0.849790,0.850090,0
20140801 003212203,0.849780,0.850080,0
20140801 003216203,0.849770,0.850070,0
20140801 003224953,0.849760,0.850060,0
20140801 003228937,0.849770,0.850070,0
20140801 003239937,0.849760,0.850060,0
20140801 003243687,0.849770,0.850070,0
20140801 003249187,0.849760,0.850060,0
20140801 003300437,0.849770,0.850070,0
20140801 003327437,0.849760,0.850060,0
20140801 003337187,0.849750,0.850050,0
20140801 003354703,0.849760,0.850060,0
20140801 003359703,0.849730,0.850030,0
20140801 003359953,0.849740,0.850040,0
20140801 003400703,0.849720,0.850020,0
20140801 003403203,0.849700,0.850000,0
20140801 003403453,0.849670,0.849970,0
20140801 003405703,0.849660,0.849960,0
20140801 003406703,0.849650,0.849950,0
20140801 003408953,0.849660,0.849960,0
20140801 003410687,0.849650,0.849950,0
20140801 003411937,0.849660,0.849960,0
20140801 003414687,0.849650,0.849950,0
20140801 003424937,0.849640,0.849940,0
20140801 003430687,0.849650,0.849950,0
20140801 003431687,0.849640,0.849940,0
20140801 003432687,0.849650,0.849950,0
20140801 003434203,0.849640,0.849940,0
20140801 003436687,0.849650,0.849950,0
20140801 003439703,0.849640,0.849940,0
20140801 003449953,0.849630,0.849930,0
20140801 003450703,0.849640,0.849940,0
20140801 003502937,0.849650,0.849950,0
20140801 003519953,0.849660,0.849960,0
20140801 003523953,0.849650,0.849950,0
20140801 003531937,0.849640,0.849940,0
20140801 003532687,0.849650,0.849950,0
20140801 003555187,0.849660,0.849960,0
20140801 003556687,0.849640,0.849940,0
20140801 003556937,0.849660,0.849960,0
20140801 003559437,0.849640,0.849940,0
20140801 003559937,0.849650,0.849950,0
20140801 003610187,0.849660,0.849960,0
20140801 003612703,0.849670,0.849970,0
20140801 003617203,0.849660,0.849960,0
20140801 003618703,0.849680,0.849980,0
20140801 003618953,0.849660,0.849960,0
20140801 003619703,0.849720,0.850020,0
20140801 003620203,0.849690,0.849990,0
20140801 003620453,0.849670,0.849970,0
20140801 003620953,0.849680,0.849980,0
20140801 003621453,0.849670,0.849970,0
20140801 003621953,0.849680,0.849980,0
20140801 003622453,0.849670,0.849970,0
20140801 003622953,0.849680,0.849980,0
20140801 003623703,0.849670,0.849970,0
20140801 003633703,0.849660,0.849960,0
20140801 003634450,0.849670,0.849970,0
20140801 003634700,0.849660,0.849960,0
20140801 003634950,0.849670,0.849970,0
20140801 003637450,0.849660,0.849960,0
20140801 003706217,0.849670,0.849970,0
20140801 003706717,0.849660,0.849960,0
20140801 003710217,0.849670,0.849970,0
20140801 003710967,0.849660,0.849960,0
20140801 003711717,0.849670,0.849970,0
20140801 003711967,0.849660,0.849960,0
20140801 003712217,0.849670,0.849970,0
20140801 003712467,0.849660,0.849960,0
20140801 003713467,0.849670,0.849970,0
20140801 003717967,0.849680,0.849980,0
20140801 003718217,0.849690,0.849990,0
20140801 003718467,0.849680,0.849980,0
20140801 003732967,0.849690,0.849990,0
20140801 003734217,0.849700,0.850000,0
20140801 003741717,0.849680,0.849980,0
20140801 003837217,0.849690,0.849990,0
20140801 003843217,0.849700,0.850000,0
20140801 003843967,0.849710,0.850010,0
20140801 003900717,0.849700,0.850000,0
20140801 003903450,0.849690,0.849990,0
20140801 003903700,0.849680,0.849980,0
20140801 003910450,0.849700,0.850000,0
20140801 003911967,0.849710,0.850010,0
20140801 003913450,0.849690,0.849990,0
20140801 003914700,0.849680,0.849980,0
20140801 004001967,0.849690,0.849990,0
20140801 004003967,0.849680,0.849980,0
20140801 004016967,0.849700,0.850000,0
20140801 004031467,0.849690,0.849990,0
20140801 004036217,0.849680,0.849980,0
20140801 004119967,0.849670,0.849970,0
20140801 004121700,0.849680,0.849980,0
20140801 004142467,0.849690,0.849990,0
20140801 004150717,0.849730,0.850030,0
20140801 004150967,0.849780,0.850080,0
20140801 004151217,0.849790,0.850090,0
20140801 004151967,0.849780,0.850080,0
20140801 004203967,0.849750,0.850050,0
20140801 004204217,0.849770,0.850070,0
20140801 004204467,0.849780,0.850080,0
20140801 004204717,0.849790,0.850090,0
20140801 004205467,0.849780,0.850080,0
20140801 004206717,0.849750,0.850050,0
20140801 004206967,0.849760,0.850060,0
20140801 004210717,0.849770,0.850070,0
20140801 004216967,0.849760,0.850060,0
20140801 004217467,0.849750,0.850050,0
20140801 004218717,0.849740,0.850040,0
20140801 004218967,0.849690,0.849990,0
20140801 004226217,0.849700,0.850000,0
20140801 004235967,0.849710,0.850010,0
20140801 004236217,0.849720,0.850020,0
20140801 004236700,0.849730,0.850030,0
20140801 004237467,0.849710,0.850010,0
20140801 004237717,0.849730,0.850030,0
20140801 004241217,0.849740,0.850040,0
20140801 004249467,0.849750,0.850050,0
20140801 004249700,0.849740,0.850040,0
20140801 004250717,0.849730,0.850030,0
20140801 004250967,0.849740,0.850040,0
20140801 004254467,0.849750,0.850050,0
20140801 004254717,0.849740,0.850040,0
20140801 004255217,0.849750,0.850050,0
20140801 004255467,0.849740,0.850040,0
20140801 004258717,0.849750,0.850050,0
20140801 004259467,0.849740,0.850040,0
20140801 004302467,0.849750,0.850050,0
20140801 004307717,0.849760,0.850060,0
20140801 004309717,0.849750,0.850050,0
20140801 004310967,0.849740,0.850040,0
20140801 004311217,0.849750,0.850050,0
20140801 004311717,0.849740,0.850040,0
20140801 004312717,0.849730,0.850030,0
20140801 004312967,0.849740,0.850040,0
20140801 004314700,0.849720,0.850020,0
20140801 004315217,0.849730,0.850030,0
20140801 004315467,0.849720,0.850020,0
20140801 004315717,0.849730,0.850030,0
20140801 004315967,0.849720,0.850020,0
20140801 004316217,0.849730,0.850030,0
20140801 004322717,0.849740,0.850040,0
20140801 004324713,0.849730,0.850030,0
20140801 004324963,0.849740,0.850040,0
20140801 004327713,0.849750,0.850050,0
20140801 004329213,0.849770,0.850070,0
20140801 004330213,0.849780,0.850080,0
20140801 004340213,0.849770,0.850070,0
20140801 004341213,0.849780,0.850080,0
20140801 004343713,0.849760,0.850060,0
20140801 004400963,0.849750,0.850050,0
20140801 004401463,0.849760,0.850060,0
20140801 004404213,0.849770,0.850070,0
20140801 004410963,0.849760,0.850060,0
20140801 004426213,0.849770,0.850070,0
20140801 004428213,0.849760,0.850060,0
20140801 004501463,0.849770,0.850070,0
20140801 004508213,0.849760,0.850060,0
20140801 004512213,0.849750,0.850050,0
20140801 004517713,0.849740,0.850040,0
20140801 004517963,0.849750,0.850050,0
20140801 004524197,0.849760,0.850060,0
20140801 004530963,0.849750,0.850050,0
20140801 004531213,0.849740,0.850040,0
20140801 004531463,0.849750,0.850050,0
20140801 004554963,0.849740,0.850040,0
20140801 004557213,0.849760,0.850060,0
20140801 004557463,0.849770,0.850070,0
20140801 004557713,0.849740,0.850040,0
20140801 004558463,0.849750,0.850050,0
20140801 004558713,0.849730,0.850030,0
20140801 004604213,0.849740,0.850040,0
20140801 004604463,0.849750,0.850050,0
20140801 004604713,0.849760,0.850060,0
20140801 004605963,0.849750,0.850050,0
20140801 004614463,0.849760,0.850060,0
20140801 004614713,0.849750,0.850050,0
20140801 004630213,0.849760,0.850060,0
20140801 004630713,0.849780,0.850080,0
20140801 004630963,0.849770,0.850070,0
20140801 004631963,0.849780,0.850080,0
20140801 004632213,0.849770,0.850070,0
20140801 004632713,0.849750,0.850050,0
20140801 004632963,0.849760,0.850060,0
20140801 004633197,0.849750,0.850050,0
20140801 004634713,0.849740,0.850040,0
20140801 004634963,0.849750,0.850050,0
20140801 004635463,0.849730,0.850030,0
20140801 004635713,0.849740,0.850040,0
20140801 004635963,0.849730,0.850030,0
20140801 004636213,0.849740,0.850040,0
20140801 004638213,0.849750,0.850050,0
20140801 004638463,0.849740,0.850040,0
20140801 004638713,0.849730,0.850030,0
20140801 004638963,0.849740,0.850040,0
20140801 004639213,0.849750,0.850050,0
20140801 004640463,0.849740,0.850040,0
20140801 004641963,0.849730,0.850030,0
20140801 004642213,0.849740,0.850040,0
20140801 004644713,0.849750,0.850050,0
20140801 004645197,0.849740,0.850040,0
20140801 004645463,0.849750,0.850050,0
20140801 004645697,0.849740,0.850040,0
20140801 004647713,0.849730,0.850030,0
20140801 004647963,0.849740,0.850040,0
20140801 004648213,0.849730,0.850030,0
20140801 004649713,0.849740,0.850040,0
20140801 004650713,0.849760,0.850060,0
20140801 004656713,0.849770,0.850070,0
20140801 004658713,0.849760,0.850060,0
20140801 004704213,0.849770,0.850070,0
20140801 004704963,0.849780,0.850080,0
20140801 004708963,0.849770,0.850070,0
20140801 004712963,0.849780,0.850080,0
20140801 004713963,0.849770,0.850070,0
20140801 004716963,0.849780,0.850080,0
20140801 004725713,0.849770,0.850070,0
20140801 004726213,0.849780,0.850080,0
20140801 004726963,0.849770,0.850070,0
20140801 004728963,0.849780,0.850080,0
20140801 004729463,0.849770,0.850070,0
20140801 004729713,0.849780,0.850080,0
20140801 004755463,0.849810,0.850110,0
20140801 004759197,0.849800,0.850100,0
20140801 004759963,0.849810,0.850110,0
20140801 004803963,0.849800,0.850100,0
20140801 004807447,0.849810,0.850110,0
20140801 004815697,0.849820,0.850120,0
20140801 004815963,0.849810,0.850110,0
20140801 004816197,0.849820,0.850120,0
20140801 004819697,0.849810,0.850110,0
20140801 004820447,0.849820,0.850120,0
20140801 004825197,0.849800,0.850100,0
20140801 004826447,0.849820,0.850120,0
20140801 004826713,0.849890,0.850190,0
20140801 004826977,0.849910,0.850210,0
20140801 004827197,0.849900,0.850200,0
20140801 004827447,0.849890,0.850190,0
20140801 004831447,0.849880,0.850180,0
20140801 004845197,0.849870,0.850170,0
20140801 004845447,0.849880,0.850180,0
20140801 004845697,0.849870,0.850170,0
20140801 004845963,0.849860,0.850160,0
20140801 004846197,0.849850,0.850150,0
20140801 004852197,0.849840,0.850140,0
20140801 004852447,0.849850,0.850150,0
20140801 004854963,0.849860,0.850160,0
20140801 004859197,0.849850,0.850150,0
20140801 004859447,0.849840,0.850140,0
20140801 004900197,0.849850,0.850150,0
20140801 004900697,0.849840,0.850140,0
20140801 004905963,0.849850,0.850150,0
20140801 004906213,0.849840,0.850140,0
20140801 004906447,0.849850,0.850150,0
20140801 004912697,0.849860,0.850160,0
20140801 004918697,0.849830,0.850130,0
20140801 004918963,0.849810,0.850110,0
20140801 004919197,0.849820,0.850120,0
20140801 004928713,0.849810,0.850110,0
20140801 004929213,0.849820,0.850120,0
20140801 004930713,0.849810,0.850110,0
20140801 005100463,0.849800,0.850100,0
20140801 005103963,0.849810,0.850110,0
20140801 005126210,0.849790,0.850090,0
20140801 005126460,0.849770,0.850070,0
20140801 005126710,0.849760,0.850060,0
20140801 005126960,0.849740,0.850040,0
20140801 005127210,0.849720,0.850020,0
20140801 005128210,0.849710,0.850010,0
20140801 005131210,0.849700,0.850000,0
20140801 005135710,0.849710,0.850010,0
20140801 005136210,0.849700,0.850000,0
20140801 005138460,0.849710,0.850010,0
20140801 005138710,0.849700,0.850000,0
20140801 005141460,0.849680,0.849980,0
20140801 005141710,0.849670,0.849970,0
20140801 005142460,0.849640,0.849940,0
20140801 005142960,0.849630,0.849930,0
20140801 005143210,0.849650,0.849950,0
20140801 005143460,0.849600,0.849900,0
20140801 005143710,0.849590,0.849890,0
20140801 005144710,0.849570,0.849870,0
20140801 005145210,0.849590,0.849890,0
20140801 005145447,0.849620,0.849920,0
20140801 005145710,0.849630,0.849930,0
20140801 005146210,0.849620,0.849920,0
20140801 005146710,0.849630,0.849930,0
20140801 005146960,0.849620,0.849920,0
20140801 005152460,0.849630,0.849930,0
20140801 005153210,0.849620,0.849920,0
20140801 005153460,0.849630,0.849930,0
20140801 005153710,0.849620,0.849920,0
20140801 005153960,0.849630,0.849930,0
20140801 005156960,0.849610,0.849910,0
20140801 005157210,0.849620,0.849920,0
20140801 005157460,0.849590,0.849890,0
20140801 005157710,0.849540,0.849840,0
20140801 005157960,0.849550,0.849850,0
20140801 005158210,0.849610,0.849910,0
20140801 005159210,0.849620,0.849920,0
20140801 005159710,0.849630,0.849930,0
20140801 005159960,0.849650,0.849950,0
20140801 005200210,0.849640,0.849940,0
20140801 005200460,0.849630,0.849930,0
20140801 005200710,0.849640,0.849940,0
20140801 005200960,0.849620,0.849920,0
20140801 005201710,0.849610,0.849910,0
20140801 005202210,0.849630,0.849930,0
20140801 005202710,0.849610,0.849910,0
20140801 005202960,0.849640,0.849940,0
20140801 005203210,0.849620,0.849920,0
20140801 005203710,0.849630,0.849930,0
20140801 005203960,0.849620,0.849920,0
20140801 005204210,0.849580,0.849880,0
20140801 005204960,0.849590,0.849890,0
20140801 005205197,0.849610,0.849910,0
20140801 005205460,0.849580,0.849880,0
20140801 005205710,0.849600,0.849900,0
20140801 005205960,0.849610,0.849910,0
20140801 005206210,0.849620,0.849920,0
20140801 005206460,0.849600,0.849900,0
20140801 005206710,0.849610,0.849910,0
20140801 005206960,0.849620,0.849920,0
20140801 005207210,0.849610,0.849910,0
20140801 005207710,0.849590,0.849890,0
20140801 005209710,0.849600,0.849900,0
20140801 005209960,0.849590,0.849890,0
20140801 005211210,0.849600,0.849900,0
20140801 005213210,0.849590,0.849890,0
20140801 005213460,0.849570,0.849870,0
20140801 005213710,0.849550,0.849850,0
20140801 005214210,0.849540,0.849840,0
20140801 005214710,0.849530,0.849830,0
20140801 005215210,0.849510,0.849810,0
20140801 005215460,0.849520,0.849820,0
20140801 005215710,0.849500,0.849800,0
20140801 005215960,0.849470,0.849770,0
20140801 005216210,0.849460,0.849760,0
20140801 005216460,0.849430,0.849730,0
20140801 005216960,0.849440,0.849740,0
20140801 005217210,0.849450,0.849750,0
20140801 005217960,0.849470,0.849770,0
20140801 005218710,0.849480,0.849780,0
20140801 005219710,0.849470,0.849770,0
20140801 005220710,0.849480,0.849780,0
20140801 005221710,0.849470,0.849770,0
20140801 005222960,0.849480,0.849780,0
20140801 005226710,0.849490,0.849790,0
20140801 005226960,0.849480,0.849780,0
20140801 005227210,0.849470,0.849770,0
20140801 005228460,0.849480,0.849780,0
20140801 005229710,0.849470,0.849770,0
20140801 005231460,0.849480,0.849780,0
20140801 005239210,0.849460,0.849760,0
20140801 005239460,0.849450,0.849750,0
20140801 005242210,0.849460,0.849760,0
20140801 005247460,0.849470,0.849770,0
20140801 005257460,0.849440,0.849740,0
20140801 005257710,0.849460,0.849760,0
20140801 005259210,0.849470,0.849770,0
20140801 005259710,0.849460,0.849760,0
20140801 005300210,0.849480,0.849780,0
20140801 005303460,0.849490,0.849790,0
20140801 005304710,0.849480,0.849780,0
20140801 005306960,0.849470,0.849770,0
20140801 005318960,0.849480,0.849780,0
20140801 005320960,0.849470,0.849770,0
20140801 005326447,0.849460,0.849760,0
20140801 005326697,0.849450,0.849750,0
20140801 005326960,0.849410,0.849710,0
20140801 005327197,0.849390,0.849690,0
20140801 005327447,0.849420,0.849720,0
20140801 005327960,0.849430,0.849730,0
20140801 005328197,0.849400,0.849700,0
20140801 005328697,0.849420,0.849720,0
20140801 005337197,0.849430,0.849730,0
20140801 005340960,0.849420,0.849720,0
20140801 005342197,0.849430,0.849730,0
20140801 005348197,0.849410,0.849710,0
20140801 005348447,0.849400,0.849700,0
20140801 005348697,0.849340,0.849640,0
20140801 005349197,0.849330,0.849630,0
20140801 005349447,0.849320,0.849620,0
20140801 005349697,0.849330,0.849630,0
20140801 005349960,0.849320,0.849620,0
20140801 005350960,0.849310,0.849610,0
20140801 005351197,0.849320,0.849620,0
20140801 005351447,0.849310,0.849610,0
20140801 005354960,0.849300,0.849600,0
20140801 005355197,0.849340,0.849640,0
20140801 005355447,0.849320,0.849620,0
20140801 005355697,0.849290,0.849590,0
20140801 005356197,0.849310,0.849610,0
20140801 005356960,0.849300,0.849600,0
20140801 005357197,0.849320,0.849620,0
20140801 005357447,0.849350,0.849650,0
20140801 005357697,0.849360,0.849660,0
20140801 005358197,0.849370,0.849670,0
20140801 005409697,0.849400,0.849700,0
20140801 005409960,0.849390,0.849690,0
20140801 005410697,0.849400,0.849700,0
20140801 005411197,0.849410,0.849710,0
20140801 005411697,0.849400,0.849700,0
20140801 005411960,0.849370,0.849670,0
20140801 005412197,0.849380,0.849680,0
20140801 005412447,0.849360,0.849660,0
20140801 005412697,0.849340,0.849640,0
20140801 005413197,0.849330,0.849630,0
20140801 005414697,0.849340,0.849640,0
20140801 005414960,0.849350,0.849650,0
20140801 005416197,0.849320,0.849620,0
20140801 005416447,0.849310,0.849610,0
20140801 005417960,0.849300,0.849600,0
20140801 005418053,0.849310,0.849610,0
20140801 005418447,0.849340,0.849640,0
20140801 005418697,0.849350,0.849650,0
20140801 005418960,0.849390,0.849690,0
20140801 005419197,0.849360,0.849660,0
20140801 005420447,0.849390,0.849690,0
20140801 005422447,0.849410,0.849710,0
20140801 005425197,0.849430,0.849730,0
20140801 005425447,0.849440,0.849740,0
20140801 005425697,0.849460,0.849760,0
20140801 005425960,0.849490,0.849790,0
20140801 005428197,0.849460,0.849760,0
20140801 005428447,0.849450,0.849750,0
20140801 005428697,0.849440,0.849740,0
20140801 005429197,0.849410,0.849710,0
20140801 005429447,0.849400,0.849700,0
20140801 005430960,0.849410,0.849710,0
20140801 005432197,0.849430,0.849730,0
20140801 005432697,0.849440,0.849740,0
20140801 005434197,0.849450,0.849750,0
20140801 005437447,0.849460,0.849760,0
20140801 005437960,0.849450,0.849750,0
20140801 005438960,0.849440,0.849740,0
20140801 005439197,0.849400,0.849700,0
20140801 005439447,0.849390,0.849690,0
20140801 005443697,0.849400,0.849700,0
20140801 005443960,0.849410,0.849710,0
20140801 005445447,0.849400,0.849700,0
20140801 005448443,0.849390,0.849690,0
20140801 005450193,0.849440,0.849740,0
20140801 005450443,0.849390,0.849690,0
20140801 005450693,0.849380,0.849680,0
20140801 005451193,0.849370,0.849670,0
20140801 005451443,0.849390,0.849690,0
20140801 005451693,0.849420,0.849720,0
20140801 005453053,0.849440,0.849740,0
20140801 005453193,0.849450,0.849750,0
20140801 005453460,0.849410,0.849710,0
20140801 005453693,0.849420,0.849720,0
20140801 005455693,0.849430,0.849730,0
20140801 005500693,0.849440,0.849740,0
20140801 005507960,0.849450,0.849750,0
20140801 005512193,0.849440,0.849740,0
20140801 005513193,0.849450,0.849750,0
20140801 005514960,0.849440,0.849740,0
20140801 005522960,0.849450,0.849750,0
20140801 005524193,0.849440,0.849740,0
20140801 005527710,0.849450,0.849750,0
20140801 005527960,0.849460,0.849760,0
20140801 005528210,0.849470,0.849770,0
20140801 005528710,0.849460,0.849760,0
20140801 005529710,0.849450,0.849750,0
20140801 005529960,0.849440,0.849740,0
20140801 005531210,0.849450,0.849750,0
20140801 005532460,0.849470,0.849770,0
20140801 005532960,0.849480,0.849780,0
20140801 005533210,0.849460,0.849760,0
20140801 005534210,0.849450,0.849750,0
20140801 005534460,0.849440,0.849740,0
20140801 005535693,0.849450,0.849750,0
20140801 005535960,0.849470,0.849770,0
20140801 005536210,0.849460,0.849760,0
20140801 005536710,0.849470,0.849770,0
20140801 005536960,0.849460,0.849760,0
20140801 005537210,0.849450,0.849750,0
20140801 005538710,0.849460,0.849760,0
20140801 005540710,0.849470,0.849770,0
20140801 005540960,0.849460,0.849760,0
20140801 005547460,0.849470,0.849770,0
20140801 005547710,0.849460,0.849760,0
20140801 005551460,0.849450,0.849750,0
20140801 005554460,0.849440,0.849740,0
20140801 005556460,0.849430,0.849730,0
20140801 005559210,0.849440,0.849740,0
20140801 005605460,0.849430,0.849730,0
20140801 005606227,0.849450,0.849750,0
20140801 005606460,0.849430,0.849730,0
20140801 005607710,0.849450,0.849750,0
20140801 005607960,0.849430,0.849730,0
20140801 005609460,0.849450,0.849750,0
20140801 005609710,0.849430,0.849730,0
20140801 005609960,0.849420,0.849720,0
20140801 005610960,0.849450,0.849750,0
20140801 005612210,0.849430,0.849730,0
20140801 005612460,0.849440,0.849740,0
20140801 005612710,0.849430,0.849730,0
20140801 005612960,0.849450,0.849750,0
20140801 005613210,0.849430,0.849730,0
20140801 005614710,0.849410,0.849710,0
20140801 005615460,0.849390,0.849690,0
20140801 005616960,0.849400,0.849700,0
20140801 005619460,0.849410,0.849710,0
20140801 005622460,0.849400,0.849700,0
20140801 005632210,0.849410,0.849710,0
20140801 005632460,0.849450,0.849750,0
20140801 005632960,0.849440,0.849740,0
20140801 005633460,0.849450,0.849750,0
20140801 005635460,0.849460,0.849760,0
20140801 005637210,0.849450,0.849750,0
20140801 005637460,0.849440,0.849740,0
20140801 005653460,0.849450,0.849750,0
20140801 005658460,0.849460,0.849760,0
20140801 005658960,0.849450,0.849750,0
20140801 005700693,0.849440,0.849740,0
20140801 005702193,0.849450,0.849750,0
20140801 005702460,0.849440,0.849740,0
20140801 005702710,0.849450,0.849750,0
20140801 005703210,0.849440,0.849740,0
20140801 005710210,0.849430,0.849730,0
20140801 005711210,0.849440,0.849740,0
20140801 005713960,0.849430,0.849730,0
20140801 005749193,0.849420,0.849720,0
20140801 005750193,0.849400,0.849700,0
20140801 005750693,0.849390,0.849690,0
20140801 005752443,0.849400,0.849700,0
20140801 005752693,0.849420,0.849720,0
20140801 005757443,0.849430,0.849730,0
20140801 005758193,0.849420,0.849720,0
20140801 005758960,0.849410,0.849710,0
20140801 005759693,0.849400,0.849700,0
20140801 005759960,0.849380,0.849680,0
20140801 005807210,0.849400,0.849700,0
20140801 005807460,0.849410,0.849710,0
20140801 005808960,0.849390,0.849690,0
20140801 005809960,0.849380,0.849680,0
20140801 005811960,0.849390,0.849690,0
20140801 005812210,0.849410,0.849710,0
20140801 005812710,0.849400,0.849700,0
20140801 005812960,0.849390,0.849690,0
20140801 005813460,0.849380,0.849680,0
20140801 005821960,0.849390,0.849690,0
20140801 005822210,0.849400,0.849700,0
20140801 005822460,0.849410,0.849710,0
20140801 005822710,0.849420,0.849720,0
20140801 005829710,0.849410,0.849710,0
20140801 005832960,0.849420,0.849720,0
20140801 005837960,0.849410,0.849710,0
20140801 005838210,0.849400,0.849700,0
20140801 005838710,0.849420,0.849720,0
20140801 005842710,0.849410,0.849710,0
20140801 005845210,0.849420,0.849720,0
20140801 005849693,0.849430,0.849730,0
20140801 005853193,0.849410,0.849710,0
20140801 005853960,0.849400,0.849700,0
20140801 005855693,0.849410,0.849710,0
20140801 005855960,0.849400,0.849700,0
20140801 005856193,0.849410,0.849710,0
20140801 005856443,0.849420,0.849720,0
20140801 005856960,0.849410,0.849710,0
20140801 005857193,0.849400,0.849700,0
20140801 005858443,0.849410,0.849710,0
20140801 005858693,0.849420,0.849720,0
20140801 005900193,0.849430,0.849730,0
20140801 005901957,0.849420,0.849720,0
20140801 005903693,0.849400,0.849700,0
20140801 005905193,0.849390,0.849690,0
20140801 005908193,0.849400,0.849700,0
20140801 005911443,0.849390,0.849690,0
20140801 005912443,0.849380,0.849680,0
20140801 005912957,0.849400,0.849700,0
20140801 005913207,0.849410,0.849710,0
20140801 005913457,0.849390,0.849690,0
20140801 005914707,0.849400,0.849700,0
20140801 005915957,0.849390,0.849690,0
20140801 005918207,0.849400,0.849700,0
20140801 005922457,0.849390,0.849690,0
20140801 005923207,0.849400,0.849700,0
20140801 005927957,0.849410,0.849710,0
20140801 005928457,0.849400,0.849700,0
20140801 005938957,0.849390,0.849690,0
20140801 005939207,0.849400,0.849700,0
20140801 005939457,0.849390,0.849690,0
20140801 005940207,0.849380,0.849680,0
20140801 005944957,0.849390,0.849690,0
20140801 005951457,0.849380,0.849680,0
20140801 005951707,0.849370,0.849670,0
20140801 005953443,0.849380,0.849680,0
20140801 005954193,0.849390,0.849690,0
20140801 005956193,0.849400,0.849700,0
20140801 010001193,0.849390,0.849690,0
20140801 010002957,0.849400,0.849700,0
20140801 010008443,0.849390,0.849690,0
20140801 010013693,0.849400,0.849700,0
20140801 010015707,0.849390,0.849690,0
20140801 010026957,0.849400,0.849700,0
20140801 010041457,0.849390,0.849690,0
20140801 010051207,0.849380,0.849680,0
20140801 010051707,0.849390,0.849690,0
20140801 010051957,0.849370,0.849670,0
20140801 010052457,0.849360,0.849660,0
20140801 010056957,0.849380,0.849680,0
20140801 010057207,0.849390,0.849690,0
20140801 010057957,0.849400,0.849700,0
20140801 010101957,0.849440,0.849740,0
20140801 010102207,0.849420,0.849720,0
20140801 010102457,0.849390,0.849690,0
20140801 010103457,0.849400,0.849700,0
20140801 010103707,0.849390,0.849690,0
20140801 010103957,0.849400,0.849700,0
20140801 010105707,0.849390,0.849690,0
20140801 010110457,0.849350,0.849650,0
20140801 010110707,0.849340,0.849640,0
20140801 010110957,0.849350,0.849650,0
20140801 010111207,0.849340,0.849640,0
20140801 010111957,0.849350,0.849650,0
20140801 010113957,0.849370,0.849670,0
20140801 010114457,0.849360,0.849660,0
20140801 010114707,0.849370,0.849670,0
20140801 010134957,0.849380,0.849680,0
20140801 010202957,0.849350,0.849650,0
20140801 010204207,0.849360,0.849660,0
20140801 010204707,0.849370,0.849670,0
20140801 010216957,0.849380,0.849680,0
20140801 010227457,0.849390,0.849690,0
20140801 010229207,0.849400,0.849700,0
20140801 010231707,0.849410,0.849710,0
20140801 010234957,0.849400,0.849700,0
20140801 010309457,0.849390,0.849690,0
20140801 010309707,0.849380,0.849680,0
20140801 010320707,0.849390,0.849690,0
20140801 010320957,0.849380,0.849680,0
20140801 010325957,0.849390,0.849690,0
20140801 010329207,0.849380,0.849680,0
20140801 010344457,0.849390,0.849690,0
20140801 010418973,0.849410,0.849710,0
20140801 010419223,0.849460,0.849760,0
20140801 010422223,0.849470,0.849770,0
20140801 010425973,0.849450,0.849750,0
20140801 010513973,0.849460,0.849760,0
20140801 010519973,0.849470,0.849770,0
20140801 010521473,0.849480,0.849780,0
20140801 010527223,0.849470,0.849770,0
20140801 010538223,0.849480,0.849780,0
20140801 010615470,0.849470,0.849770,0
20140801 010616970,0.849460,0.849760,0
20140801 010617220,0.849490,0.849790,0
20140801 010629720,0.849500,0.849800,0
20140801 010830470,0.849480,0.849780,0
20140801 010831720,0.849440,0.849740,0
20140801 010831970,0.849460,0.849760,0
20140801 010840470,0.849470,0.849770,0
20140801 010844470,0.849480,0.849780,0
20140801 010853970,0.849470,0.849770,0
20140801 010854470,0.849480,0.849780,0
20140801 010854970,0.849470,0.849770,0
20140801 010901970,0.849480,0.849780,0
20140801 010947970,0.849490,0.849790,0
20140801 010948220,0.849500,0.849800,0
20140801 010948470,0.849490,0.849790,0
20140801 011007970,0.849500,0.849800,0
20140801 011009220,0.849490,0.849790,0
20140801 011010970,0.849500,0.849800,0
20140801 011017220,0.849490,0.849790,0
20140801 011017970,0.849500,0.849800,0
20140801 011024453,0.849490,0.849790,0
20140801 011126703,0.849500,0.849800,0
20140801 011137453,0.849510,0.849810,0
20140801 011140720,0.849520,0.849820,0
20140801 011144970,0.849510,0.849810,0
20140801 011157953,0.849500,0.849800,0
20140801 011209703,0.849490,0.849790,0
20140801 011314750,0.849470,0.849770,0
20140801 011319500,0.849440,0.849740,0
20140801 011319733,0.849450,0.849750,0
20140801 011320000,0.849470,0.849770,0
20140801 011326267,0.849480,0.849780,0
20140801 011327517,0.849490,0.849790,0
20140801 011348767,0.849480,0.849780,0
20140801 011351517,0.849490,0.849790,0
20140801 011352517,0.849500,0.849800,0
20140801 011432767,0.849510,0.849810,0
20140801 011434017,0.849530,0.849830,0
20140801 011502017,0.849520,0.849820,0
20140801 011502267,0.849530,0.849830,0
20140801 011510517,0.849520,0.849820,0
20140801 011518513,0.849510,0.849810,0
20140801 011520013,0.849520,0.849820,0
20140801 011521263,0.849510,0.849810,0
20140801 011521513,0.849490,0.849790,0
20140801 011522013,0.849500,0.849800,0
20140801 011525013,0.849490,0.849790,0
20140801 011525263,0.849500,0.849800,0
20140801 011529263,0.849490,0.849790,0
20140801 011532263,0.849500,0.849800,0
20140801 011533763,0.849490,0.849790,0
20140801 011536763,0.849500,0.849800,0
20140801 011537263,0.849490,0.849790,0
20140801 011539513,0.849500,0.849800,0
20140801 011540263,0.849490,0.849790,0
20140801 011540763,0.849500,0.849800,0
20140801 011541013,0.849490,0.849790,0
20140801 011546263,0.849500,0.849800,0
20140801 011602013,0.849460,0.849760,0
20140801 011602263,0.849480,0.849780,0
20140801 011602513,0.849500,0.849800,0
20140801 011658013,0.849490,0.849790,0
20140801 011658263,0.849500,0.849800,0
20140801 011734013,0.849490,0.849790,0
20140801 011734263,0.849500,0.849800,0
20140801 011734513,0.849490,0.849790,0
20140801 011734763,0.849500,0.849800,0
20140801 011737763,0.849510,0.849810,0
20140801 011738013,0.849500,0.849800,0
20140801 011738513,0.849510,0.849810,0
20140801 011738763,0.849520,0.849820,0
20140801 011739263,0.849530,0.849830,0
20140801 011745263,0.849520,0.849820,0
20140801 011745513,0.849530,0.849830,0
20140801 011752513,0.849540,0.849840,0
20140801 011755263,0.849530,0.849830,0
20140801 011812513,0.849540,0.849840,0
20140801 011823013,0.849550,0.849850,0
20140801 011823513,0.849540,0.849840,0
20140801 011827263,0.849530,0.849830,0
20140801 011828263,0.849540,0.849840,0
20140801 011828763,0.849550,0.849850,0
20140801 011832763,0.849540,0.849840,0
20140801 011836513,0.849550,0.849850,0
20140801 011837513,0.849540,0.849840,0
20140801 011845513,0.849510,0.849810,0
20140801 011845763,0.849500,0.849800,0
20140801 011847013,0.849490,0.849790,0
20140801 011851513,0.849480,0.849780,0
20140801 011903013,0.849490,0.849790,0
20140801 011905513,0.849480,0.849780,0
20140801 011954263,0.849470,0.849770,0
20140801 012012513,0.849460,0.849760,0
20140801 012015513,0.849470,0.849770,0
20140801 012108263,0.849480,0.849780,0
20140801 012113763,0.849490,0.849790,0
20140801 012114013,0.849480,0.849780,0
20140801 012122763,0.849490,0.849790,0
20140801 012123013,0.849480,0.849780,0
20140801 012124013,0.849490,0.849790,0
20140801 012125013,0.849480,0.849780,0
20140801 012126763,0.849490,0.849790,0
20140801 012127513,0.849480,0.849780,0
20140801 012128013,0.849470,0.849770,0
20140801 012130513,0.849480,0.849780,0
20140801 012130763,0.849470,0.849770,0
20140801 012132013,0.849480,0.849780,0
20140801 012132513,0.849470,0.849770,0
20140801 012132763,0.849480,0.849780,0
20140801 012133013,0.849470,0.849770,0
20140801 012146013,0.849480,0.849780,0
20140801 012146763,0.849470,0.849770,0
20140801 012147013,0.849480,0.849780,0
20140801 012147263,0.849470,0.849770,0
20140801 012148263,0.849480,0.849780,0
20140801 012148763,0.849470,0.849770,0
20140801 012149013,0.849480,0.849780,0
20140801 012149263,0.849470,0.849770,0
20140801 012152263,0.849480,0.849780,0
20140801 012152513,0.849470,0.849770,0
20140801 012155763,0.849480,0.849780,0
20140801 012156263,0.849470,0.849770,0
20140801 012156763,0.849480,0.849780,0
20140801 012157013,0.849470,0.849770,0
20140801 012159763,0.849480,0.849780,0
20140801 012200013,0.849470,0.849770,0
20140801 012213763,0.849480,0.849780,0
20140801 012214513,0.849470,0.849770,0
20140801 012225013,0.849480,0.849780,0
20140801 012226013,0.849470,0.849770,0
20140801 012232013,0.849480,0.849780,0
20140801 012232263,0.849470,0.849770,0
20140801 012235263,0.849480,0.849780,0
20140801 012236763,0.849470,0.849770,0
20140801 012238263,0.849480,0.849780,0
20140801 012238763,0.849470,0.849770,0
20140801 012250513,0.849510,0.849810,0
20140801 012251013,0.849500,0.849800,0
20140801 012254263,0.849510,0.849810,0
20140801 012254513,0.849500,0.849800,0
20140801 012310010,0.849510,0.849810,0
20140801 012319260,0.849500,0.849800,0
20140801 012420510,0.849470,0.849770,0
20140801 012421010,0.849460,0.849760,0
20140801 012425760,0.849450,0.849750,0
20140801 012426010,0.849420,0.849720,0
20140801 012426260,0.849410,0.849710,0
20140801 012451760,0.849420,0.849720,0
20140801 012501010,0.849410,0.849710,0
20140801 012514510,0.849400,0.849700,0
20140801 012547760,0.849390,0.849690,0
20140801 012631510,0.849400,0.849700,0
20140801 012631760,0.849390,0.849690,0
20140801 012635760,0.849380,0.849680,0
20140801 012636010,0.849350,0.849650,0
20140801 012636260,0.849340,0.849640,0
20140801 012636760,0.849330,0.849630,0
20140801 012637510,0.849320,0.849620,0
20140801 012702760,0.849310,0.849610,0
20140801 012703010,0.849320,0.849620,0
20140801 012714760,0.849310,0.849610,0
20140801 012722010,0.849320,0.849620,0
20140801 012729510,0.849310,0.849610,0
20140801 012740760,0.849320,0.849620,0
20140801 012741010,0.849310,0.849610,0
20140801 012748510,0.849270,0.849570,0
20140801 012748760,0.849280,0.849580,0
20140801 012749010,0.849250,0.849550,0
20140801 012750010,0.849230,0.849530,0
20140801 012750260,0.849220,0.849520,0
20140801 012754510,0.849210,0.849510,0
20140801 012756260,0.849230,0.849530,0
20140801 012758760,0.849220,0.849520,0
20140801 012818260,0.849240,0.849540,0
20140801 012820010,0.849230,0.849530,0
20140801 012823510,0.849220,0.849520,0
20140801 012827760,0.849210,0.849510,0
20140801 012828010,0.849220,0.849520,0
20140801 012839760,0.849210,0.849510,0
20140801 012900260,0.849220,0.849520,0
20140801 012904510,0.849210,0.849510,0
20140801 012904760,0.849200,0.849500,0
20140801 012911010,0.849210,0.849510,0
20140801 012922010,0.849240,0.849540,0
20140801 012948027,0.849220,0.849520,0
20140801 012948260,0.849210,0.849510,0
20140801 012953010,0.849240,0.849540,0
20140801 013048260,0.849210,0.849510,0
20140801 013048760,0.849200,0.849500,0
20140801 013101757,0.849190,0.849490,0
20140801 013102007,0.849140,0.849440,0
20140801 013102257,0.849120,0.849420,0
20140801 013103070,0.849110,0.849410,0
20140801 013125007,0.849090,0.849390,0
20140801 013131257,0.849100,0.849400,0
20140801 013159257,0.849080,0.849380,0
20140801 013159507,0.849060,0.849360,0
20140801 013200007,0.849030,0.849330,0
20140801 013200257,0.849050,0.849350,0
20140801 013201757,0.849060,0.849360,0
20140801 013207007,0.849090,0.849390,0
20140801 013213257,0.849100,0.849400,0
20140801 013213757,0.849090,0.849390,0
20140801 013240007,0.849080,0.849380,0
20140801 013243507,0.849060,0.849360,0
20140801 013243757,0.849050,0.849350,0
20140801 013303007,0.849060,0.849360,0
20140801 013320507,0.849050,0.849350,0
20140801 013335507,0.849060,0.849360,0
20140801 013338257,0.849050,0.849350,0
20140801 013356757,0.849060,0.849360,0
20140801 013408257,0.849070,0.849370,0
20140801 013408757,0.849060,0.849360,0
20140801 013409757,0.849070,0.849370,0
20140801 013410257,0.849080,0.849380,0
20140801 013501257,0.849090,0.849390,0
20140801 013503757,0.849080,0.849380,0
20140801 013509007,0.849090,0.849390,0
20140801 013525007,0.849080,0.849380,0
20140801 013536007,0.849090,0.849390,0
20140801 013536507,0.849100,0.849400,0
20140801 013537507,0.849110,0.849410,0
20140801 013546507,0.849100,0.849400,0
20140801 013547007,0.849090,0.849390,0
20140801 013547240,0.849080,0.849380,0
20140801 013552490,0.849090,0.849390,0
20140801 013556240,0.849060,0.849360,0
20140801 013556490,0.849080,0.849380,0
20140801 013556740,0.849110,0.849410,0
20140801 013600740,0.849120,0.849420,0
20140801 013601240,0.849160,0.849460,0
20140801 013601490,0.849190,0.849490,0
20140801 013601740,0.849210,0.849510,0
20140801 013601990,0.849220,0.849520,0
20140801 013604007,0.849210,0.849510,0
20140801 013604740,0.849220,0.849520,0
20140801 013604990,0.849200,0.849500,0
20140801 013605240,0.849160,0.849460,0
20140801 013605490,0.849170,0.849470,0
20140801 013605740,0.849130,0.849430,0
20140801 013605990,0.849120,0.849420,0
20140801 013606240,0.849130,0.849430,0
20140801 013608507,0.849120,0.849420,0
20140801 013608740,0.849110,0.849410,0
20140801 013612990,0.849100,0.849400,0
20140801 013614490,0.849090,0.849390,0
20140801 013615490,0.849120,0.849420,0
20140801 013616990,0.849110,0.849410,0
20140801 013619240,0.849120,0.849420,0
20140801 013645257,0.849100,0.849400,0
20140801 013645507,0.849090,0.849390,0
20140801 013706007,0.849080,0.849380,0
20140801 013717257,0.849090,0.849390,0
20140801 013732257,0.849110,0.849410,0
20140801 013734757,0.849120,0.849420,0
20140801 013735507,0.849130,0.849430,0
20140801 013736507,0.849120,0.849420,0
20140801 013740007,0.849100,0.849400,0
20140801 013741257,0.849120,0.849420,0
20140801 013742507,0.849130,0.849430,0
20140801 013749507,0.849120,0.849420,0
20140801 013757757,0.849090,0.849390,0
20140801 013800257,0.849080,0.849380,0
20140801 013826757,0.849100,0.849400,0
20140801 013827257,0.849090,0.849390,0
20140801 013831257,0.849100,0.849400,0
20140801 013834507,0.849090,0.849390,0
20140801 013835757,0.849100,0.849400,0
20140801 013837507,0.849060,0.849360,0
20140801 013837757,0.849070,0.849370,0
20140801 013839507,0.849090,0.849390,0
20140801 013840007,0.849080,0.849380,0
20140801 013849757,0.849100,0.849400,0
20140801 013852757,0.849090,0.849390,0
20140801 013901507,0.849080,0.849380,0
20140801 013942757,0.849090,0.849390,0
20140801 013943007,0.849100,0.849400,0
20140801 013944757,0.849090,0.849390,0
20140801 013949007,0.849100,0.849400,0
20140801 013959757,0.849110,0.849410,0
20140801 014001257,0.849100,0.849400,0
20140801 014008007,0.849090,0.849390,0
20140801 014008257,0.849080,0.849380,0
20140801 014008507,0.849070,0.849370,0
20140801 014008757,0.849080,0.849380,0
20140801 014009007,0.849070,0.849370,0
20140801 014009507,0.849080,0.849380,0
20140801 014009757,0.849100,0.849400,0
20140801 014010507,0.849130,0.849430,0
20140801 014010757,0.849140,0.849440,0
20140801 014011507,0.849150,0.849450,0
20140801 014012007,0.849130,0.849430,0
20140801 014014007,0.849150,0.849450,0
20140801 014014257,0.849140,0.849440,0
20140801 014014507,0.849130,0.849430,0
20140801 014018507,0.849110,0.849410,0
20140801 014019507,0.849100,0.849400,0
20140801 014019757,0.849090,0.849390,0
20140801 014021757,0.849100,0.849400,0
20140801 014023007,0.849090,0.849390,0
20140801 014023257,0.849100,0.849400,0
20140801 014024257,0.849090,0.849390,0
20140801 014038007,0.849100,0.849400,0
20140801 014044257,0.849110,0.849410,0
20140801 014055257,0.849130,0.849430,0
20140801 014055507,0.849140,0.849440,0
20140801 014056507,0.849150,0.849450,0
20140801 014056757,0.849140,0.849440,0
20140801 014057257,0.849150,0.849450,0
20140801 014057507,0.849140,0.849440,0
20140801 014059007,0.849150,0.849450,0
20140801 014106757,0.849140,0.849440,0
20140801 014107007,0.849150,0.849450,0
20140801 014107257,0.849140,0.849440,0
20140801 014107757,0.849170,0.849470,0
20140801 014108507,0.849160,0.849460,0
20140801 014108757,0.849140,0.849440,0
20140801 014109257,0.849120,0.849420,0
20140801 014109757,0.849130,0.849430,0
20140801 014114503,0.849150,0.849450,0
20140801 014114753,0.849180,0.849480,0
20140801 014115003,0.849190,0.849490,0
20140801 014116253,0.849200,0.849500,0
20140801 014120503,0.849210,0.849510,0
20140801 014123753,0.849200,0.849500,0
20140801 014124253,0.849210,0.849510,0
20140801 014128753,0.849200,0.849500,0
20140801 014129003,0.849210,0.849510,0
20140801 014130753,0.849200,0.849500,0
20140801 014131003,0.849210,0.849510,0
20140801 014132753,0.849190,0.849490,0
20140801 014133253,0.849180,0.849480,0
20140801 014134503,0.849170,0.849470,0
20140801 014137253,0.849180,0.849480,0
20140801 014138003,0.849170,0.849470,0
20140801 014145253,0.849180,0.849480,0
20140801 014146003,0.849170,0.849470,0
20140801 014148253,0.849180,0.849480,0
20140801 014149270,0.849170,0.849470,0
20140801 014149753,0.849180,0.849480,0
20140801 014150253,0.849170,0.849470,0
20140801 014153503,0.849180,0.849480,0
20140801 014157253,0.849170,0.849470,0
20140801 014157753,0.849180,0.849480,0
20140801 014158003,0.849170,0.849470,0
20140801 014158253,0.849180,0.849480,0
20140801 014159253,0.849170,0.849470,0
20140801 014159503,0.849180,0.849480,0
20140801 014200253,0.849170,0.849470,0
20140801 014201003,0.849180,0.849480,0
20140801 014214503,0.849190,0.849490,0
20140801 014215253,0.849200,0.849500,0
20140801 014222003,0.849190,0.849490,0
20140801 014222253,0.849200,0.849500,0
20140801 014224003,0.849190,0.849490,0
20140801 014225253,0.849200,0.849500,0
20140801 014225503,0.849190,0.849490,0
20140801 014232503,0.849200,0.849500,0
20140801 014232753,0.849190,0.849490,0
20140801 014233003,0.849200,0.849500,0
20140801 014233253,0.849210,0.849510,0
20140801 014235503,0.849200,0.849500,0
20140801 014237003,0.849180,0.849480,0
20140801 014240503,0.849170,0.849470,0
20140801 014241753,0.849180,0.849480,0
20140801 014242003,0.849170,0.849470,0
20140801 014254503,0.849180,0.849480,0
20140801 014258003,0.849170,0.849470,0
20140801 014304003,0.849180,0.849480,0
20140801 014310003,0.849170,0.849470,0
20140801 014333003,0.849200,0.849500,0
20140801 014333253,0.849210,0.849510,0
20140801 014334003,0.849220,0.849520,0
20140801 014337253,0.849210,0.849510,0
20140801 014337753,0.849220,0.849520,0
20140801 014338253,0.849210,0.849510,0
20140801 014339003,0.849220,0.849520,0
20140801 014340003,0.849210,0.849510,0
20140801 014340253,0.849220,0.849520,0
20140801 014341003,0.849210,0.849510,0
20140801 014341503,0.849220,0.849520,0
20140801 014341753,0.849210,0.849510,0
20140801 014342003,0.849220,0.849520,0
20140801 014342253,0.849210,0.849510,0
20140801 014342753,0.849220,0.849520,0
20140801 014343003,0.849210,0.849510,0
20140801 014343253,0.849220,0.849520,0
20140801 014343503,0.849210,0.849510,0
20140801 014344503,0.849220,0.849520,0
20140801 014344753,0.849210,0.849510,0
20140801 014347753,0.849220,0.849520,0
20140801 014351503,0.849210,0.849510,0
20140801 014354253,0.849220,0.849520,0
20140801 014354503,0.849210,0.849510,0
20140801 014354753,0.849220,0.849520,0
20140801 014355003,0.849200,0.849500,0
20140801 014402003,0.849190,0.849490,0
20140801 014404003,0.849200,0.849500,0
20140801 014406270,0.849210,0.849510,0
20140801 014407253,0.849200,0.849500,0
20140801 014422503,0.849190,0.849490,0
20140801 014425003,0.849200,0.849500,0
20140801 014433253,0.849190,0.849490,0
20140801 014437003,0.849200,0.849500,0
20140801 014437253,0.849190,0.849490,0
20140801 014437503,0.849200,0.849500,0
20140801 014441753,0.849190,0.849490,0
20140801 014442753,0.849200,0.849500,0
20140801 014450503,0.849190,0.849490,0
20140801 014452503,0.849200,0.849500,0
20140801 014452753,0.849210,0.849510,0
20140801 014453503,0.849220,0.849520,0
20140801 014458003,0.849210,0.849510,0
20140801 014507503,0.849200,0.849500,0
20140801 014520253,0.849210,0.849510,0
20140801 014522503,0.849200,0.849500,0
20140801 014526003,0.849190,0.849490,0
20140801 014529003,0.849180,0.849480,0
20140801 014534753,0.849190,0.849490,0
20140801 014535003,0.849180,0.849480,0
20140801 014535503,0.849190,0.849490,0
20140801 014535753,0.849200,0.849500,0
20140801 014542753,0.849190,0.849490,0
20140801 014544253,0.849200,0.849500,0
20140801 014545503,0.849190,0.849490,0
20140801 014548753,0.849200,0.849500,0
20140801 014550987,0.849190,0.849490,0
20140801 014551237,0.849180,0.849480,0
20140801 014551487,0.849190,0.849490,0
20140801 014551753,0.849180,0.849480,0
20140801 014551987,0.849200,0.849500,0
20140801 014552503,0.849190,0.849490,0
20140801 014552753,0.849200,0.849500,0
20140801 014553003,0.849190,0.849490,0
20140801 014555753,0.849200,0.849500,0
20140801 014556003,0.849190,0.849490,0
20140801 014557753,0.849200,0.849500,0
20140801 014600753,0.849190,0.849490,0
20140801 014602753,0.849200,0.849500,0
20140801 014603753,0.849190,0.849490,0
20140801 014604003,0.849180,0.849480,0
20140801 014609753,0.849190,0.849490,0
20140801 014613080,0.849200,0.849500,0
20140801 014613753,0.849220,0.849520,0
20140801 014619503,0.849210,0.849510,0
20140801 014620253,0.849200,0.849500,0
20140801 014620503,0.849210,0.849510,0
20140801 014621003,0.849200,0.849500,0
20140801 014621253,0.849210,0.849510,0
20140801 014623253,0.849200,0.849500,0
20140801 014623503,0.849210,0.849510,0
20140801 014624753,0.849220,0.849520,0
20140801 014624987,0.849230,0.849530,0
20140801 014626003,0.849250,0.849550,0
20140801 014630737,0.849230,0.849530,0
20140801 014630987,0.849210,0.849510,0
20140801 014632253,0.849230,0.849530,0
20140801 014633003,0.849250,0.849550,0
20140801 014633253,0.849270,0.849570,0
20140801 014633503,0.849260,0.849560,0
20140801 014634003,0.849270,0.849570,0
20140801 014634253,0.849260,0.849560,0
20140801 014635003,0.849270,0.849570,0
20140801 014635253,0.849260,0.849560,0
20140801 014636003,0.849250,0.849550,0
20140801 014640003,0.849210,0.849510,0
20140801 014647017,0.849220,0.849520,0
20140801 014648987,0.849230,0.849530,0
20140801 014653253,0.849240,0.849540,0
20140801 014654253,0.849220,0.849520,0
20140801 014654503,0.849210,0.849510,0
20140801 014655753,0.849200,0.849500,0
20140801 014657503,0.849190,0.849490,0
20140801 014659503,0.849200,0.849500,0
20140801 014701003,0.849210,0.849510,0
20140801 014701253,0.849230,0.849530,0
20140801 014702253,0.849240,0.849540,0
20140801 014702503,0.849220,0.849520,0
20140801 014702753,0.849210,0.849510,0
20140801 014707753,0.849230,0.849530,0
20140801 014708003,0.849250,0.849550,0
20140801 014711253,0.849240,0.849540,0
20140801 014711503,0.849250,0.849550,0
20140801 014712003,0.849210,0.849510,0
20140801 014718767,0.849200,0.849500,0
20140801 014719017,0.849220,0.849520,0
20140801 014720267,0.849230,0.849530,0
20140801 014722767,0.849240,0.849540,0
20140801 014726017,0.849210,0.849510,0
20140801 014728517,0.849200,0.849500,0
20140801 014729767,0.849210,0.849510,0
20140801 014730533,0.849200,0.849500,0
20140801 014731267,0.849220,0.849520,0
20140801 014733517,0.849230,0.849530,0
20140801 014734267,0.849220,0.849520,0
20140801 014734517,0.849210,0.849510,0
20140801 014735267,0.849200,0.849500,0
20140801 014735517,0.849210,0.849510,0
20140801 014741267,0.849220,0.849520,0
20140801 014743517,0.849210,0.849510,0
20140801 014748517,0.849220,0.849520,0
20140801 014754767,0.849210,0.849510,0
20140801 014758767,0.849230,0.849530,0
20140801 014759267,0.849240,0.849540,0
20140801 014805267,0.849210,0.849510,0
20140801 014831267,0.849200,0.849500,0
20140801 014831517,0.849210,0.849510,0
20140801 014851267,0.849200,0.849500,0
20140801 014851517,0.849210,0.849510,0
20140801 014855517,0.849190,0.849490,0
20140801 014900767,0.849210,0.849510,0
20140801 014901017,0.849240,0.849540,0
20140801 014901267,0.849250,0.849550,0
20140801 014903017,0.849260,0.849560,0
20140801 014903267,0.849290,0.849590,0
20140801 014903767,0.849260,0.849560,0
20140801 014904517,0.849250,0.849550,0
20140801 014909517,0.849260,0.849560,0
20140801 014916017,0.849240,0.849540,0
20140801 014925517,0.849250,0.849550,0
20140801 014929017,0.849260,0.849560,0
20140801 015046017,0.849250,0.849550,0
20140801 015047517,0.849260,0.849560,0
20140801 015054517,0.849250,0.849550,0
20140801 015054767,0.849260,0.849560,0
20140801 015101017,0.849250,0.849550,0
20140801 015101267,0.849260,0.849560,0
20140801 015101517,0.849250,0.849550,0
20140801 015102017,0.849260,0.849560,0
20140801 015113750,0.849250,0.849550,0
20140801 015127250,0.849240,0.849540,0
20140801 015127500,0.849230,0.849530,0
20140801 015129500,0.849200,0.849500,0
20140801 015130000,0.849210,0.849510,0
20140801 015130750,0.849200,0.849500,0
20140801 015131000,0.849210,0.849510,0
20140801 015143250,0.849220,0.849520,0
20140801 015143750,0.849210,0.849510,0
20140801 015147500,0.849220,0.849520,0
20140801 015148250,0.849210,0.849510,0
20140801 015152500,0.849220,0.849520,0
20140801 015154500,0.849210,0.849510,0
20140801 015157250,0.849220,0.849520,0
20140801 015201000,0.849210,0.849510,0
20140801 015201250,0.849230,0.849530,0
20140801 015201500,0.849220,0.849520,0
20140801 015205017,0.849210,0.849510,0
20140801 015205267,0.849200,0.849500,0
20140801 015205517,0.849210,0.849510,0
20140801 015210767,0.849200,0.849500,0
20140801 015211267,0.849210,0.849510,0
20140801 015213767,0.849200,0.849500,0
20140801 015216267,0.849180,0.849480,0
20140801 015217017,0.849170,0.849470,0
20140801 015239767,0.849180,0.849480,0
20140801 015241017,0.849170,0.849470,0
20140801 015241767,0.849180,0.849480,0
20140801 015242767,0.849170,0.849470,0
20140801 015247517,0.849180,0.849480,0
20140801 015254267,0.849190,0.849490,0
20140801 015300267,0.849200,0.849500,0
20140801 015321530,0.849210,0.849510,0
20140801 015321780,0.849240,0.849540,0
20140801 015325530,0.849230,0.849530,0
20140801 015328797,0.849250,0.849550,0
20140801 015329030,0.849270,0.849570,0
20140801 015329280,0.849310,0.849610,0
20140801 015329780,0.849320,0.849620,0
20140801 015330030,0.849310,0.849610,0
20140801 015335780,0.849300,0.849600,0
20140801 015336030,0.849290,0.849590,0
20140801 015337030,0.849280,0.849580,0
20140801 015401030,0.849270,0.849570,0
20140801 015401530,0.849260,0.849560,0
20140801 015403530,0.849250,0.849550,0
20140801 015406030,0.849260,0.849560,0
20140801 015424030,0.849270,0.849570,0
20140801 015424280,0.849280,0.849580,0
20140801 015431280,0.849290,0.849590,0
20140801 015432017,0.849280,0.849580,0
20140801 015557030,0.849290,0.849590,0
20140801 015604530,0.849280,0.849580,0
20140801 015620280,0.849290,0.849590,0
20140801 015718280,0.849300,0.849600,0
20140801 015734530,0.849310,0.849610,0
20140801 015735280,0.849350,0.849650,0
20140801 015735530,0.849370,0.849670,0
20140801 015735780,0.849400,0.849700,0
20140801 015742513,0.849390,0.849690,0
20140801 015745780,0.849380,0.849680,0
20140801 015747780,0.849390,0.849690,0
20140801 015748030,0.849400,0.849700,0
20140801 015748780,0.849410,0.849710,0
20140801 015749030,0.849460,0.849760,0
20140801 015749280,0.849480,0.849780,0
20140801 015749530,0.849470,0.849770,0
20140801 015750030,0.849480,0.849780,0
20140801 015750280,0.849470,0.849770,0
20140801 015750530,0.849480,0.849780,0
20140801 015752530,0.849470,0.849770,0
20140801 015753530,0.849460,0.849760,0
20140801 015756780,0.849450,0.849750,0
20140801 015757280,0.849460,0.849760,0
20140801 015758280,0.849450,0.849750,0
20140801 015759280,0.849460,0.849760,0
20140801 015759530,0.849450,0.849750,0
20140801 015801030,0.849440,0.849740,0
20140801 015801280,0.849420,0.849720,0
20140801 015807530,0.849400,0.849700,0
20140801 015807780,0.849410,0.849710,0
20140801 015808030,0.849440,0.849740,0
20140801 015809030,0.849450,0.849750,0
20140801 015822263,0.849440,0.849740,0
20140801 015828513,0.849460,0.849760,0
20140801 015830263,0.849450,0.849750,0
20140801 015834513,0.849460,0.849760,0
20140801 015837013,0.849470,0.849770,0
20140801 015838263,0.849490,0.849790,0
20140801 015839013,0.849480,0.849780,0
20140801 015842763,0.849490,0.849790,0
20140801 015843030,0.849480,0.849780,0
20140801 015843763,0.849490,0.849790,0
20140801 015844263,0.849480,0.849780,0
20140801 015844763,0.849490,0.849790,0
20140801 015845263,0.849480,0.849780,0
20140801 015853263,0.849490,0.849790,0
20140801 015853513,0.849500,0.849800,0
20140801 015853763,0.849510,0.849810,0
20140801 015854013,0.849530,0.849830,0
20140801 015855013,0.849540,0.849840,0
20140801 015856013,0.849550,0.849850,0
20140801 015856513,0.849540,0.849840,0
20140801 015858263,0.849550,0.849850,0
20140801 015858513,0.849540,0.849840,0
20140801 015859013,0.849550,0.849850,0
20140801 015859263,0.849570,0.849870,0
20140801 015859513,0.849590,0.849890,0
20140801 015859780,0.849570,0.849870,0
20140801 015900013,0.849520,0.849820,0
20140801 015900263,0.849490,0.849790,0
20140801 015900513,0.849480,0.849780,0
20140801 015909263,0.849490,0.849790,0
20140801 015909513,0.849480,0.849780,0
20140801 015916513,0.849490,0.849790,0
20140801 015917513,0.849480,0.849780,0
20140801 015920263,0.849470,0.849770,0
20140801 015920513,0.849460,0.849760,0
20140801 015958263,0.849430,0.849730,0
20140801 015958513,0.849450,0.849750,0
20140801 020000293,0.849460,0.849760,0
20140801 020002513,0.849470,0.849770,0
20140801 020009763,0.849460,0.849760,0
20140801 020013107,0.849450,0.849750,0
20140801 020014263,0.849460,0.849760,0
20140801 020021763,0.849470,0.849770,0
20140801 020022013,0.849460,0.849760,0
20140801 020022277,0.849470,0.849770,0
20140801 020024263,0.849480,0.849780,0
20140801 020024513,0.849530,0.849830,0
20140801 020025013,0.849520,0.849820,0
20140801 020026763,0.849510,0.849810,0
20140801 020027027,0.849500,0.849800,0
20140801 020027263,0.849510,0.849810,0
20140801 020029013,0.849500,0.849800,0
20140801 020029263,0.849510,0.849810,0
20140801 020030763,0.849530,0.849830,0
20140801 020031513,0.849520,0.849820,0
20140801 020032763,0.849530,0.849830,0
20140801 020033027,0.849540,0.849840,0
20140801 020033263,0.849530,0.849830,0
20140801 020034513,0.849540,0.849840,0
20140801 020035263,0.849530,0.849830,0
20140801 020035513,0.849540,0.849840,0
20140801 020041763,0.849550,0.849850,0
20140801 020042013,0.849560,0.849860,0
20140801 020043027,0.849550,0.849850,0
20140801 020043513,0.849560,0.849860,0
20140801 020100277,0.849570,0.849870,0
20140801 020101777,0.849560,0.849860,0
20140801 020102277,0.849570,0.849870,0
20140801 020103777,0.849560,0.849860,0
20140801 020104027,0.849570,0.849870,0
20140801 020105527,0.849560,0.849860,0
20140801 020106027,0.849570,0.849870,0
20140801 020106777,0.849560,0.849860,0
20140801 020120527,0.849570,0.849870,0
20140801 020135263,0.849560,0.849860,0
20140801 020142513,0.849570,0.849870,0
20140801 020149013,0.849580,0.849880,0
20140801 020157777,0.849570,0.849870,0
20140801 020202527,0.849560,0.849860,0
20140801 020204277,0.849550,0.849850,0
20140801 020204527,0.849560,0.849860,0
20140801 020204793,0.849550,0.849850,0
20140801 020205043,0.849520,0.849820,0
20140801 020205293,0.849510,0.849810,0
20140801 020206527,0.849500,0.849800,0
20140801 020207527,0.849510,0.849810,0
20140801 020212277,0.849490,0.849790,0
20140801 020212527,0.849480,0.849780,0
20140801 020214293,0.849460,0.849760,0
20140801 020218027,0.849450,0.849750,0
20140801 020218277,0.849430,0.849730,0
20140801 020218777,0.849440,0.849740,0
20140801 020235277,0.849430,0.849730,0
20140801 020308777,0.849450,0.849750,0
20140801 020309277,0.849440,0.849740,0
20140801 020309527,0.849450,0.849750,0
20140801 020316043,0.849480,0.849780,0
20140801 020318513,0.849490,0.849790,0
20140801 020319263,0.849480,0.849780,0
20140801 020323027,0.849490,0.849790,0
20140801 020326777,0.849510,0.849810,0
20140801 020331777,0.849520,0.849820,0
20140801 020332027,0.849530,0.849830,0
20140801 020332527,0.849520,0.849820,0
20140801 020332777,0.849510,0.849810,0
20140801 020336513,0.849530,0.849830,0
20140801 020336777,0.849540,0.849840,0
20140801 020337277,0.849560,0.849860,0
20140801 020337527,0.849520,0.849820,0
20140801 020337777,0.849530,0.849830,0
20140801 020338027,0.849520,0.849820,0
20140801 020338527,0.849500,0.849800,0
20140801 020339027,0.849490,0.849790,0
20140801 020340277,0.849480,0.849780,0
20140801 020343777,0.849470,0.849770,0
20140801 020356027,0.849480,0.849780,0
20140801 020357760,0.849470,0.849770,0
20140801 020402260,0.849480,0.849780,0
20140801 020403027,0.849470,0.849770,0
20140801 020407027,0.849480,0.849780,0
20140801 020412527,0.849490,0.849790,0
20140801 020413277,0.849500,0.849800,0
20140801 020424027,0.849490,0.849790,0
20140801 020424527,0.849480,0.849780,0
20140801 020428027,0.849470,0.849770,0
20140801 020429027,0.849490,0.849790,0
20140801 020429277,0.849500,0.849800,0
20140801 020429777,0.849490,0.849790,0
20140801 020433277,0.849500,0.849800,0
20140801 020435777,0.849510,0.849810,0
20140801 020436027,0.849500,0.849800,0
20140801 020436277,0.849510,0.849810,0
20140801 020437777,0.849500,0.849800,0
20140801 020451527,0.849510,0.849810,0
20140801 020451777,0.849500,0.849800,0
20140801 020504527,0.849490,0.849790,0
20140801 020507277,0.849470,0.849770,0
20140801 020508277,0.849460,0.849760,0
20140801 020508527,0.849470,0.849770,0
20140801 020509027,0.849460,0.849760,0
20140801 020510777,0.849450,0.849750,0
20140801 020511527,0.849460,0.849760,0
20140801 020511777,0.849470,0.849770,0
20140801 020512027,0.849460,0.849760,0
20140801 020512277,0.849470,0.849770,0
20140801 020512777,0.849460,0.849760,0
20140801 020513027,0.849470,0.849770,0
20140801 020516777,0.849460,0.849760,0
20140801 020548277,0.849470,0.849770,0
20140801 020553777,0.849480,0.849780,0
20140801 020555277,0.849470,0.849770,0
20140801 020557277,0.849480,0.849780,0
20140801 020557510,0.849490,0.849790,0
20140801 020557777,0.849510,0.849810,0
20140801 020618527,0.849500,0.849800,0
20140801 020622277,0.849520,0.849820,0
20140801 020623527,0.849530,0.849830,0
20140801 020623777,0.849520,0.849820,0
20140801 020635277,0.849510,0.849810,0
20140801 020648027,0.849500,0.849800,0
20140801 020648277,0.849510,0.849810,0
20140801 020651010,0.849520,0.849820,0
20140801 020651777,0.849510,0.849810,0
20140801 020652260,0.849490,0.849790,0
20140801 020655760,0.849500,0.849800,0
20140801 020656260,0.849480,0.849780,0
20140801 020656527,0.849470,0.849770,0
20140801 020656760,0.849450,0.849750,0
20140801 020657010,0.849480,0.849780,0
20140801 020657260,0.849470,0.849770,0
20140801 020659260,0.849450,0.849750,0
20140801 020700010,0.849430,0.849730,0
20140801 020701260,0.849420,0.849720,0
20140801 020703027,0.849430,0.849730,0
20140801 020705510,0.849420,0.849720,0
20140801 020708510,0.849430,0.849730,0
20140801 020709010,0.849400,0.849700,0
20140801 020709260,0.849390,0.849690,0
20140801 020709510,0.849330,0.849630,0
20140801 020709760,0.849340,0.849640,0
20140801 020710010,0.849330,0.849630,0
20140801 020711010,0.849320,0.849620,0
20140801 020711760,0.849310,0.849610,0
20140801 020718510,0.849300,0.849600,0
20140801 020718760,0.849290,0.849590,0
20140801 020719010,0.849270,0.849570,0
20140801 020719260,0.849260,0.849560,0
20140801 020720010,0.849270,0.849570,0
20140801 020724027,0.849280,0.849580,0
20140801 020729277,0.849270,0.849570,0
20140801 020729527,0.849280,0.849580,0
20140801 020731027,0.849290,0.849590,0
20140801 020731527,0.849300,0.849600,0
20140801 020738277,0.849310,0.849610,0
20140801 020753277,0.849300,0.849600,0
20140801 020753527,0.849290,0.849590,0
20140801 020808027,0.849280,0.849580,0
20140801 020808277,0.849270,0.849570,0
20140801 020821277,0.849260,0.849560,0
20140801 020825777,0.849250,0.849550,0
20140801 020826527,0.849260,0.849560,0
20140801 020828277,0.849250,0.849550,0
20140801 020831277,0.849260,0.849560,0
20140801 020831527,0.849250,0.849550,0
20140801 020831777,0.849260,0.849560,0
20140801 020846277,0.849270,0.849570,0
20140801 020846527,0.849280,0.849580,0
20140801 020846777,0.849270,0.849570,0
20140801 020847027,0.849260,0.849560,0
20140801 020847277,0.849270,0.849570,0
20140801 020847527,0.849260,0.849560,0
20140801 020859777,0.849250,0.849550,0
20140801 020900027,0.849260,0.849560,0
20140801 020902027,0.849270,0.849570,0
20140801 020905277,0.849260,0.849560,0
20140801 020906027,0.849270,0.849570,0
20140801 020911027,0.849260,0.849560,0
20140801 020911277,0.849270,0.849570,0
20140801 020912777,0.849280,0.849580,0
20140801 020913277,0.849270,0.849570,0
20140801 020918027,0.849260,0.849560,0
20140801 020935010,0.849270,0.849570,0
20140801 020935510,0.849280,0.849580,0
20140801 020935760,0.849290,0.849590,0
20140801 020936760,0.849280,0.849580,0
20140801 020943260,0.849270,0.849570,0
20140801 020946277,0.849260,0.849560,0
20140801 021004510,0.849250,0.849550,0
20140801 021007277,0.849230,0.849530,0
20140801 021007527,0.849050,0.849350,0
20140801 021007777,0.849070,0.849370,0
20140801 021008260,0.849060,0.849360,0
20140801 021008510,0.849090,0.849390,0
20140801 021011260,0.849060,0.849360,0
20140801 021011510,0.849030,0.849330,0
20140801 021011760,0.849060,0.849360,0
20140801 021012260,0.849040,0.849340,0
20140801 021012760,0.849080,0.849380,0
20140801 021013027,0.849100,0.849400,0
20140801 021013260,0.849060,0.849360,0
20140801 021013510,0.849040,0.849340,0
20140801 021013760,0.849050,0.849350,0
20140801 021014010,0.849060,0.849360,0
20140801 021014260,0.849030,0.849330,0
20140801 021014510,0.849020,0.849320,0
20140801 021014760,0.849050,0.849350,0
20140801 021015010,0.849060,0.849360,0
20140801 021016510,0.849050,0.849350,0
20140801 021016760,0.849040,0.849340,0
20140801 021017260,0.849050,0.849350,0
20140801 021017510,0.849090,0.849390,0
20140801 021020260,0.849080,0.849380,0
20140801 021020510,0.849040,0.849340,0
20140801 021020760,0.849070,0.849370,0
20140801 021021010,0.849090,0.849390,0
20140801 021021260,0.849100,0.849400,0
20140801 021030510,0.849120,0.849420,0
20140801 021032010,0.849110,0.849410,0
20140801 021040773,0.849100,0.849400,0
20140801 021046523,0.849110,0.849410,0
20140801 021046773,0.849090,0.849390,0
20140801 021047023,0.849080,0.849380,0
20140801 021047773,0.849070,0.849370,0
20140801 021049523,0.849060,0.849360,0
20140801 021049773,0.849030,0.849330,0
20140801 021050023,0.849020,0.849320,0
20140801 021051023,0.849010,0.849310,0
20140801 021051273,0.849020,0.849320,0
20140801 021051523,0.849010,0.849310,0
20140801 021059023,0.849020,0.849320,0
20140801 021100523,0.849010,0.849310,0
20140801 021101273,0.849000,0.849300,0
20140801 021102273,0.848990,0.849290,0
20140801 021105773,0.848980,0.849280,0
20140801 021124023,0.848990,0.849290,0
20140801 021124273,0.849000,0.849300,0
20140801 021128523,0.849020,0.849320,0
20140801 021129773,0.849010,0.849310,0
20140801 021132273,0.849020,0.849320,0
20140801 021133023,0.849030,0.849330,0
20140801 021134040,0.849060,0.849360,0
20140801 021134273,0.849090,0.849390,0
20140801 021134523,0.849080,0.849380,0
20140801 021134773,0.849090,0.849390,0
20140801 021135023,0.849080,0.849380,0
20140801 021135273,0.849090,0.849390,0
20140801 021136273,0.849100,0.849400,0
20140801 021148523,0.849090,0.849390,0
20140801 021150023,0.849080,0.849380,0
20140801 021158523,0.849090,0.849390,0
20140801 021159023,0.849100,0.849400,0
20140801 021159273,0.849090,0.849390,0
20140801 021202023,0.849080,0.849380,0
20140801 021202257,0.849090,0.849390,0
20140801 021202773,0.849080,0.849380,0
20140801 021203023,0.849090,0.849390,0
20140801 021204523,0.849080,0.849380,0
20140801 021205023,0.849090,0.849390,0
20140801 021205773,0.849080,0.849380,0
20140801 021206023,0.849090,0.849390,0
20140801 021206290,0.849080,0.849380,0
20140801 021232257,0.849090,0.849390,0
20140801 021232507,0.849080,0.849380,0
20140801 021248257,0.849130,0.849430,0
20140801 021248523,0.849190,0.849490,0
20140801 021248757,0.849200,0.849500,0
20140801 021249507,0.849190,0.849490,0
20140801 021249757,0.849180,0.849480,0
20140801 021250507,0.849170,0.849470,0
20140801 021250757,0.849180,0.849480,0
20140801 021254757,0.849170,0.849470,0
20140801 021256257,0.849180,0.849480,0
20140801 021257757,0.849170,0.849470,0
20140801 021304273,0.849190,0.849490,0
20140801 021304523,0.849180,0.849480,0
20140801 021304773,0.849190,0.849490,0
20140801 021305023,0.849200,0.849500,0
20140801 021305273,0.849210,0.849510,0
20140801 021305523,0.849220,0.849520,0
20140801 021305773,0.849260,0.849560,0
20140801 021306023,0.849290,0.849590,0
20140801 021307007,0.849300,0.849600,0
20140801 021308507,0.849290,0.849590,0
20140801 021309507,0.849300,0.849600,0
20140801 021309757,0.849290,0.849590,0
20140801 021310507,0.849260,0.849560,0
20140801 021310757,0.849270,0.849570,0
20140801 021311257,0.849260,0.849560,0
20140801 021312257,0.849270,0.849570,0
20140801 021317507,0.849280,0.849580,0
20140801 021317757,0.849270,0.849570,0
20140801 021318023,0.849280,0.849580,0
20140801 021318257,0.849270,0.849570,0
20140801 021320507,0.849280,0.849580,0
20140801 021321007,0.849290,0.849590,0
20140801 021321757,0.849300,0.849600,0
20140801 021322257,0.849290,0.849590,0
20140801 021323023,0.849300,0.849600,0
20140801 021325257,0.849290,0.849590,0
20140801 021326007,0.849300,0.849600,0
20140801 021342273,0.849280,0.849580,0
20140801 021342507,0.849290,0.849590,0
20140801 021342757,0.849300,0.849600,0
20140801 021343257,0.849290,0.849590,0
20140801 021343523,0.849300,0.849600,0
20140801 021352507,0.849290,0.849590,0
20140801 021353023,0.849300,0.849600,0
20140801 021356007,0.849310,0.849610,0
20140801 021356257,0.849300,0.849600,0
20140801 021357007,0.849310,0.849610,0
20140801 021357257,0.849300,0.849600,0
20140801 021357507,0.849310,0.849610,0
20140801 021359523,0.849300,0.849600,0
20140801 021400023,0.849310,0.849610,0
20140801 021400273,0.849300,0.849600,0
20140801 021403273,0.849310,0.849610,0
20140801 021407023,0.849300,0.849600,0
20140801 021411023,0.849310,0.849610,0
20140801 021420773,0.849300,0.849600,0
20140801 021443273,0.849310,0.849610,0
20140801 021444023,0.849300,0.849600,0
20140801 021444273,0.849320,0.849620,0
20140801 021449523,0.849310,0.849610,0
20140801 021450273,0.849320,0.849620,0
20140801 021453023,0.849330,0.849630,0
20140801 021453273,0.849320,0.849620,0
20140801 021453523,0.849310,0.849610,0
20140801 021454023,0.849300,0.849600,0
20140801 021505773,0.849320,0.849620,0
20140801 021506273,0.849310,0.849610,0
20140801 021507523,0.849320,0.849620,0
20140801 021508023,0.849330,0.849630,0
20140801 021508273,0.849340,0.849640,0
20140801 021508523,0.849330,0.849630,0
20140801 021508773,0.849340,0.849640,0
20140801 021509257,0.849330,0.849630,0
20140801 021517523,0.849340,0.849640,0
20140801 021517773,0.849330,0.849630,0
20140801 021518523,0.849340,0.849640,0
20140801 021520773,0.849300,0.849600,0
20140801 021534273,0.849290,0.849590,0
20140801 021622523,0.849300,0.849600,0
20140801 021622773,0.849290,0.849590,0
20140801 021625273,0.849300,0.849600,0
20140801 021625523,0.849290,0.849590,0
20140801 021626023,0.849280,0.849580,0
20140801 021627523,0.849290,0.849590,0
20140801 021627773,0.849280,0.849580,0
20140801 021630507,0.849290,0.849590,0
20140801 021635773,0.849280,0.849580,0
20140801 021659273,0.849290,0.849590,0
20140801 021701023,0.849280,0.849580,0
20140801 021702023,0.849290,0.849590,0
20140801 021739287,0.849280,0.849580,0
20140801 021739773,0.849270,0.849570,0
20140801 021741523,0.849260,0.849560,0
20140801 021743070,0.849270,0.849570,0
20140801 021745023,0.849280,0.849580,0
20140801 021745537,0.849290,0.849590,0
20140801 021759787,0.849280,0.849580,0
20140801 021800523,0.849270,0.849570,0
20140801 021800773,0.849280,0.849580,0
20140801 021801523,0.849270,0.849570,0
20140801 021812023,0.849260,0.849560,0
20140801 021812273,0.849270,0.849570,0
20140801 021812523,0.849260,0.849560,0
20140801 021812773,0.849230,0.849530,0
20140801 021813023,0.849210,0.849510,0
20140801 021813273,0.849200,0.849500,0
20140801 021813773,0.849190,0.849490,0
20140801 021814023,0.849200,0.849500,0
20140801 021814507,0.849190,0.849490,0
20140801 021814773,0.849180,0.849480,0
20140801 021815023,0.849190,0.849490,0
20140801 021815773,0.849180,0.849480,0
20140801 021816023,0.849190,0.849490,0
20140801 021821507,0.849200,0.849500,0
20140801 021822257,0.849190,0.849490,0
20140801 021823257,0.849200,0.849500,0
20140801 021823757,0.849210,0.849510,0
20140801 021824757,0.849190,0.849490,0
20140801 021835507,0.849210,0.849510,0
20140801 021835757,0.849220,0.849520,0
20140801 021837757,0.849210,0.849510,0
20140801 021838020,0.849220,0.849520,0
20140801 021838507,0.849210,0.849510,0
20140801 021839507,0.849230,0.849530,0
20140801 021840007,0.849240,0.849540,0
20140801 021845257,0.849260,0.849560,0
20140801 021845507,0.849270,0.849570,0
20140801 021845757,0.849240,0.849540,0
20140801 021846257,0.849250,0.849550,0
20140801 021846507,0.849240,0.849540,0
20140801 021854757,0.849250,0.849550,0
20140801 021855007,0.849240,0.849540,0
20140801 021901757,0.849220,0.849520,0
20140801 021902007,0.849210,0.849510,0
20140801 021902757,0.849220,0.849520,0
20140801 021909257,0.849210,0.849510,0
20140801 021909507,0.849220,0.849520,0
20140801 021909757,0.849210,0.849510,0
20140801 021913257,0.849230,0.849530,0
20140801 021916787,0.849250,0.849550,0
20140801 021917020,0.849290,0.849590,0
20140801 021917270,0.849300,0.849600,0
20140801 021917520,0.849310,0.849610,0
20140801 021917770,0.849300,0.849600,0
20140801 021918020,0.849290,0.849590,0
20140801 021918520,0.849300,0.849600,0
20140801 021926770,0.849290,0.849590,0
20140801 021927020,0.849300,0.849600,0
20140801 021928520,0.849290,0.849590,0
20140801 021931520,0.849320,0.849620,0
20140801 021931787,0.849370,0.849670,0
20140801 021932020,0.849350,0.849650,0
20140801 021932270,0.849390,0.849690,0
20140801 021933020,0.849380,0.849680,0
20140801 021933520,0.849390,0.849690,0
20140801 021934270,0.849410,0.849710,0
20140801 021934520,0.849450,0.849750,0
20140801 021934770,0.849430,0.849730,0
20140801 021936520,0.849440,0.849740,0
20140801 021936757,0.849430,0.849730,0
20140801 021937020,0.849440,0.849740,0
20140801 021937270,0.849430,0.849730,0
20140801 021940520,0.849390,0.849690,0
20140801 021940787,0.849360,0.849660,0
20140801 021941037,0.849390,0.849690,0
20140801 021941287,0.849410,0.849710,0
20140801 021941520,0.849420,0.849720,0
20140801 021942037,0.849390,0.849690,0
20140801 021942520,0.849400,0.849700,0
20140801 021942770,0.849390,0.849690,0
20140801 021943270,0.849400,0.849700,0
20140801 021947770,0.849390,0.849690,0
20140801 021948270,0.849330,0.849630,0
20140801 021948520,0.849360,0.849660,0
20140801 021950020,0.849370,0.849670,0
20140801 021954257,0.849380,0.849680,0
20140801 021956257,0.849390,0.849690,0
20140801 021959507,0.849380,0.849680,0
20140801 021959757,0.849390,0.849690,0
20140801 022000007,0.849400,0.849700,0
20140801 022000257,0.849330,0.849630,0
20140801 022000507,0.849320,0.849620,0
20140801 022000757,0.849310,0.849610,0
20140801 022015770,0.849300,0.849600,0
20140801 022016020,0.849290,0.849590,0
20140801 022016270,0.849300,0.849600,0
20140801 022016770,0.849290,0.849590,0
20140801 022017270,0.849260,0.849560,0
20140801 022022020,0.849270,0.849570,0
20140801 022022270,0.849260,0.849560,0
20140801 022034520,0.849250,0.849550,0
20140801 022038067,0.849230,0.849530,0
20140801 022038113,0.849240,0.849540,0
20140801 022041020,0.849250,0.849550,0
20140801 022041270,0.849240,0.849540,0
20140801 022100270,0.849270,0.849570,0
20140801 022100520,0.849290,0.849590,0
20140801 022101037,0.849300,0.849600,0
20140801 022101270,0.849310,0.849610,0
20140801 022103020,0.849300,0.849600,0
20140801 022104270,0.849290,0.849590,0
20140801 022105257,0.849300,0.849600,0
20140801 022107770,0.849310,0.849610,0
20140801 022130520,0.849320,0.849620,0
20140801 022232770,0.849330,0.849630,0
20140801 022233020,0.849320,0.849620,0
20140801 022233270,0.849310,0.849610,0
20140801 022233520,0.849300,0.849600,0
20140801 022234020,0.849310,0.849610,0
20140801 022234270,0.849320,0.849620,0
20140801 022234520,0.849310,0.849610,0
20140801 022235020,0.849320,0.849620,0
20140801 022242270,0.849290,0.849590,0
20140801 022249770,0.849280,0.849580,0
20140801 022302520,0.849270,0.849570,0
20140801 022314020,0.849260,0.849560,0
20140801 022320270,0.849250,0.849550,0
20140801 022320537,0.849220,0.849520,0
20140801 022320770,0.849210,0.849510,0
20140801 022321787,0.849180,0.849480,0
20140801 022322020,0.849150,0.849450,0
20140801 022322270,0.849120,0.849420,0
20140801 022323270,0.849130,0.849430,0
20140801 022323520,0.849150,0.849450,0
20140801 022323770,0.849160,0.849460,0
20140801 022328520,0.849170,0.849470,0
20140801 022328787,0.849180,0.849480,0
20140801 022344020,0.849190,0.849490,0
20140801 022348020,0.849200,0.849500,0
20140801 022348753,0.849190,0.849490,0
20140801 022349270,0.849210,0.849510,0
20140801 022349520,0.849200,0.849500,0
20140801 022349770,0.849210,0.849510,0
20140801 022350520,0.849200,0.849500,0
20140801 022350770,0.849210,0.849510,0
20140801 022404020,0.849220,0.849520,0
20140801 022404270,0.849230,0.849530,0
20140801 022405020,0.849240,0.849540,0
20140801 022406003,0.849230,0.849530,0
20140801 022407020,0.849240,0.849540,0
20140801 022418520,0.849220,0.849520,0
20140801 022424270,0.849210,0.849510,0
20140801 022424520,0.849200,0.849500,0
20140801 022424770,0.849210,0.849510,0
20140801 022425270,0.849230,0.849530,0
20140801 022425520,0.849270,0.849570,0
20140801 022425770,0.849230,0.849530,0
20140801 022426020,0.849250,0.849550,0
20140801 022426270,0.849270,0.849570,0
20140801 022427020,0.849280,0.849580,0
20140801 022432520,0.849270,0.849570,0
20140801 022450520,0.849280,0.849580,0
20140801 022450770,0.849270,0.849570,0
20140801 022451020,0.849280,0.849580,0
20140801 022452003,0.849270,0.849570,0
20140801 022501520,0.849280,0.849580,0
20140801 022501770,0.849290,0.849590,0
20140801 022502520,0.849300,0.849600,0
20140801 022504520,0.849290,0.849590,0
20140801 022511770,0.849280,0.849580,0
20140801 022512020,0.849270,0.849570,0
20140801 022517270,0.849260,0.849560,0
20140801 022518270,0.849280,0.849580,0
20140801 022518770,0.849290,0.849590,0
20140801 022533270,0.849280,0.849580,0
20140801 022540253,0.849270,0.849570,0
20140801 022544520,0.849280,0.849580,0
20140801 022551020,0.849290,0.849590,0
20140801 022553770,0.849310,0.849610,0
20140801 022554003,0.849320,0.849620,0
20140801 022554503,0.849330,0.849630,0
20140801 022554770,0.849360,0.849660,0
20140801 022555020,0.849370,0.849670,0
20140801 022555520,0.849380,0.849680,0
20140801 022555770,0.849350,0.849650,0
20140801 022556020,0.849380,0.849680,0
20140801 022556270,0.849390,0.849690,0
20140801 022602770,0.849400,0.849700,0
20140801 022605770,0.849390,0.849690,0
20140801 022609767,0.849380,0.849680,0
20140801 022610267,0.849390,0.849690,0
20140801 022611017,0.849380,0.849680,0
20140801 022611267,0.849390,0.849690,0
20140801 022611517,0.849380,0.849680,0
20140801 022612017,0.849370,0.849670,0
20140801 022612267,0.849360,0.849660,0
20140801 022613017,0.849370,0.849670,0
20140801 022613267,0.849330,0.849630,0
20140801 022613517,0.849320,0.849620,0
20140801 022614267,0.849350,0.849650,0
20140801 022616017,0.849360,0.849660,0
20140801 022616517,0.849370,0.849670,0
20140801 022616767,0.849360,0.849660,0
20140801 022617017,0.849370,0.849670,0
20140801 022620017,0.849380,0.849680,0
20140801 022620517,0.849370,0.849670,0
20140801 022621267,0.849380,0.849680,0
20140801 022621517,0.849370,0.849670,0
20140801 022622017,0.849380,0.849680,0
20140801 022622267,0.849370,0.849670,0
20140801 022623017,0.849380,0.849680,0
20140801 022623267,0.849370,0.849670,0
20140801 022623517,0.849380,0.849680,0
20140801 022623783,0.849390,0.849690,0
20140801 022624017,0.849410,0.849710,0
20140801 022625267,0.849420,0.849720,0
20140801 022625517,0.849410,0.849710,0
20140801 022626267,0.849420,0.849720,0
20140801 022626517,0.849410,0.849710,0
20140801 022626767,0.849420,0.849720,0
20140801 022627017,0.849410,0.849710,0
20140801 022632533,0.849350,0.849650,0
20140801 022632753,0.849370,0.849670,0
20140801 022633017,0.849390,0.849690,0
20140801 022633503,0.849400,0.849700,0
20140801 022633753,0.849390,0.849690,0
20140801 022634003,0.849400,0.849700,0
20140801 022634753,0.849390,0.849690,0
20140801 022635003,0.849400,0.849700,0
20140801 022637503,0.849410,0.849710,0
20140801 022638253,0.849400,0.849700,0
20140801 022638503,0.849410,0.849710,0
20140801 022641253,0.849400,0.849700,0
20140801 022641503,0.849410,0.849710,0
20140801 022644003,0.849400,0.849700,0
20140801 022645003,0.849410,0.849710,0
20140801 022646003,0.849400,0.849700,0
20140801 022647503,0.849410,0.849710,0
20140801 022650753,0.849400,0.849700,0
20140801 022656503,0.849420,0.849720,0
20140801 022657003,0.849410,0.849710,0
20140801 022657503,0.849420,0.849720,0
20140801 022659003,0.849410,0.849710,0
20140801 022659253,0.849420,0.849720,0
20140801 022659503,0.849410,0.849710,0
20140801 022659753,0.849420,0.849720,0
20140801 022700503,0.849410,0.849710,0
20140801 022700753,0.849420,0.849720,0
20140801 022701003,0.849430,0.849730,0
20140801 022701253,0.849420,0.849720,0
20140801 022702253,0.849410,0.849710,0
20140801 022702503,0.849420,0.849720,0
20140801 022708267,0.849410,0.849710,0
20140801 022708533,0.849420,0.849720,0
20140801 022708767,0.849410,0.849710,0
20140801 022709017,0.849420,0.849720,0
20140801 022714517,0.849410,0.849710,0
20140801 022716267,0.849430,0.849730,0
20140801 022716517,0.849410,0.849710,0
20140801 022716767,0.849420,0.849720,0
20140801 022717267,0.849430,0.849730,0
20140801 022717503,0.849420,0.849720,0
20140801 022720767,0.849410,0.849710,0
20140801 022721017,0.849420,0.849720,0
20140801 022721267,0.849410,0.849710,0
20140801 022721517,0.849420,0.849720,0
20140801 022724017,0.849410,0.849710,0
20140801 022724267,0.849420,0.849720,0
20140801 022728017,0.849430,0.849730,0
20140801 022728267,0.849420,0.849720,0
20140801 022728517,0.849410,0.849710,0
20140801 022728767,0.849420,0.849720,0
20140801 022731767,0.849430,0.849730,0
20140801 022732017,0.849420,0.849720,0
20140801 022732517,0.849430,0.849730,0
20140801 022732767,0.849420,0.849720,0
20140801 022733517,0.849430,0.849730,0
20140801 022733767,0.849420,0.849720,0
20140801 022734517,0.849430,0.849730,0
20140801 022734767,0.849420,0.849720,0
20140801 022735267,0.849430,0.849730,0
20140801 022735517,0.849420,0.849720,0
20140801 022738267,0.849430,0.849730,0
20140801 022738517,0.849420,0.849720,0
20140801 022740767,0.849430,0.849730,0
20140801 022741017,0.849420,0.849720,0
20140801 022744017,0.849430,0.849730,0
20140801 022744267,0.849420,0.849720,0
20140801 022747767,0.849430,0.849730,0
20140801 022748017,0.849420,0.849720,0
20140801 022749267,0.849430,0.849730,0
20140801 022749517,0.849420,0.849720,0
20140801 022750017,0.849430,0.849730,0
20140801 022753767,0.849420,0.849720,0
20140801 022807503,0.849440,0.849740,0
20140801 022808017,0.849450,0.849750,0
20140801 022808267,0.849440,0.849740,0
20140801 022808767,0.849450,0.849750,0
20140801 022809267,0.849420,0.849720,0
20140801 022810517,0.849430,0.849730,0
20140801 022810767,0.849420,0.849720,0
20140801 022811267,0.849410,0.849710,0
20140801 022814267,0.849420,0.849720,0
20140801 022816267,0.849370,0.849670,0
20140801 022816517,0.849390,0.849690,0
20140801 022816767,0.849410,0.849710,0
20140801 022817017,0.849420,0.849720,0
20140801 022818017,0.849410,0.849710,0
20140801 022818767,0.849420,0.849720,0
20140801 022819267,0.849410,0.849710,0
20140801 022819517,0.849420,0.849720,0
20140801 022819767,0.849410,0.849710,0
20140801 022820017,0.849420,0.849720,0
20140801 022821267,0.849410,0.849710,0
20140801 022821767,0.849420,0.849720,0
20140801 022824517,0.849410,0.849710,0
20140801 022825017,0.849420,0.849720,0
20140801 022832783,0.849410,0.849710,0
20140801 022833017,0.849420,0.849720,0
20140801 022833767,0.849410,0.849710,0
20140801 022834017,0.849420,0.849720,0
20140801 022835017,0.849430,0.849730,0
20140801 022835517,0.849420,0.849720,0
20140801 022835767,0.849430,0.849730,0
20140801 022838017,0.849460,0.849760,0
20140801 022838253,0.849480,0.849780,0
20140801 022838517,0.849550,0.849850,0
20140801 022838767,0.849470,0.849770,0
20140801 022839017,0.849520,0.849820,0
20140801 022839267,0.849560,0.849860,0
20140801 022839517,0.849580,0.849880,0
20140801 022839767,0.849590,0.849890,0
20140801 022841517,0.849550,0.849850,0
20140801 022841767,0.849530,0.849830,0
20140801 022850267,0.849540,0.849840,0
20140801 022904017,0.849520,0.849820,0
20140801 022904283,0.849450,0.849750,0
20140801 022904517,0.849430,0.849730,0
20140801 022904783,0.849420,0.849720,0
20140801 022905033,0.849340,0.849640,0
20140801 022905517,0.849350,0.849650,0
20140801 022905783,0.849340,0.849640,0
20140801 022906300,0.849320,0.849620,0
20140801 022906517,0.849250,0.849550,0
20140801 022906783,0.849260,0.849560,0
20140801 022912017,0.849270,0.849570,0
20140801 022913267,0.849280,0.849580,0
20140801 022914017,0.849290,0.849590,0
20140801 022915017,0.849300,0.849600,0
20140801 022916767,0.849290,0.849590,0
20140801 022917017,0.849300,0.849600,0
20140801 022926267,0.849290,0.849590,0
20140801 022927017,0.849300,0.849600,0
20140801 022928267,0.849290,0.849590,0
20140801 022929767,0.849300,0.849600,0
20140801 022935517,0.849290,0.849590,0
20140801 022935767,0.849300,0.849600,0
20140801 022940517,0.849290,0.849590,0
20140801 022940767,0.849300,0.849600,0
20140801 022941017,0.849290,0.849590,0
20140801 022944017,0.849300,0.849600,0
20140801 022950267,0.849290,0.849590,0
20140801 022950517,0.849300,0.849600,0
20140801 023003267,0.849290,0.849590,0
20140801 023005267,0.849300,0.849600,0
20140801 023011767,0.849290,0.849590,0
20140801 023019517,0.849280,0.849580,0
20140801 023022767,0.849290,0.849590,0
20140801 023023017,0.849280,0.849580,0
20140801 023024267,0.849290,0.849590,0
20140801 023057017,0.849300,0.849600,0
20140801 023101517,0.849290,0.849590,0
20140801 023101767,0.849300,0.849600,0
20140801 023116017,0.849290,0.849590,0
20140801 023117017,0.849300,0.849600,0
20140801 023117767,0.849290,0.849590,0
20140801 023124017,0.849300,0.849600,0
20140801 023126533,0.849290,0.849590,0
20140801 023128017,0.849300,0.849600,0
20140801 023129250,0.849290,0.849590,0
20140801 023131767,0.849300,0.849600,0
20140801 023132767,0.849290,0.849590,0
20140801 023133017,0.849300,0.849600,0
20140801 023133267,0.849290,0.849590,0
20140801 023225017,0.849280,0.849580,0
20140801 023225517,0.849290,0.849590,0
20140801 023235017,0.849280,0.849580,0
20140801 023235533,0.849250,0.849550,0
20140801 023235767,0.849230,0.849530,0
20140801 023236017,0.849220,0.849520,0
20140801 023245533,0.849210,0.849510,0
20140801 023246517,0.849170,0.849470,0
20140801 023246767,0.849110,0.849410,0
20140801 023247017,0.849100,0.849400,0
20140801 023247267,0.849090,0.849390,0
20140801 023248517,0.849100,0.849400,0
20140801 023249767,0.849150,0.849450,0
20140801 023250267,0.849160,0.849460,0
20140801 023250517,0.849170,0.849470,0
20140801 023251250,0.849180,0.849480,0
20140801 023252767,0.849160,0.849460,0
20140801 023253063,0.849150,0.849450,0
20140801 023254033,0.849140,0.849440,0
20140801 023254517,0.849130,0.849430,0
20140801 023254767,0.849140,0.849440,0
20140801 023301267,0.849150,0.849450,0
20140801 023301517,0.849160,0.849460,0
20140801 023302017,0.849150,0.849450,0
20140801 023302517,0.849170,0.849470,0
20140801 023303017,0.849180,0.849480,0
20140801 023303267,0.849190,0.849490,0
20140801 023303517,0.849180,0.849480,0
20140801 023305750,0.849190,0.849490,0
20140801 023306500,0.849180,0.849480,0
20140801 023307250,0.849190,0.849490,0
20140801 023308267,0.849180,0.849480,0
20140801 023320767,0.849190,0.849490,0
20140801 023321267,0.849180,0.849480,0
20140801 023331017,0.849170,0.849470,0
20140801 023332267,0.849180,0.849480,0
20140801 023334017,0.849190,0.849490,0
20140801 023337267,0.849180,0.849480,0
20140801 023339517,0.849190,0.849490,0
20140801 023356000,0.849180,0.849480,0
20140801 023356250,0.849190,0.849490,0
20140801 023358250,0.849180,0.849480,0
20140801 023401500,0.849190,0.849490,0
20140801 023402500,0.849180,0.849480,0
20140801 023406017,0.849190,0.849490,0
20140801 023406280,0.849220,0.849520,0
20140801 023406767,0.849210,0.849510,0
20140801 023411000,0.849220,0.849520,0
20140801 023411517,0.849230,0.849530,0
20140801 023412267,0.849220,0.849520,0
20140801 023412517,0.849210,0.849510,0
20140801 023412767,0.849200,0.849500,0
20140801 023453767,0.849210,0.849510,0
20140801 023502017,0.849200,0.849500,0
20140801 023502267,0.849210,0.849510,0
20140801 023503017,0.849200,0.849500,0
20140801 023508267,0.849190,0.849490,0
20140801 023509017,0.849200,0.849500,0
20140801 023510767,0.849180,0.849480,0
20140801 023511030,0.849190,0.849490,0
20140801 023526017,0.849180,0.849480,0
20140801 023535517,0.849150,0.849450,0
20140801 023535750,0.849140,0.849440,0
20140801 023536017,0.849130,0.849430,0
20140801 023536767,0.849140,0.849440,0
20140801 023538517,0.849170,0.849470,0
20140801 023540517,0.849160,0.849460,0
20140801 023540767,0.849170,0.849470,0
20140801 023541017,0.849180,0.849480,0
20140801 023544017,0.849190,0.849490,0
20140801 023550017,0.849200,0.849500,0
20140801 023550517,0.849210,0.849510,0
20140801 023556030,0.849220,0.849520,0
20140801 023556267,0.849230,0.849530,0
20140801 023556517,0.849260,0.849560,0
20140801 023556767,0.849280,0.849580,0
20140801 023557267,0.849290,0.849590,0
20140801 023606517,0.849300,0.849600,0
20140801 023620517,0.849290,0.849590,0
20140801 023622017,0.849300,0.849600,0
20140801 023623267,0.849290,0.849590,0
20140801 023623767,0.849280,0.849580,0
20140801 023625517,0.849290,0.849590,0
20140801 023629267,0.849280,0.849580,0
20140801 023631267,0.849270,0.849570,0
20140801 023632767,0.849280,0.849580,0
20140801 023633267,0.849290,0.849590,0
20140801 023637513,0.849280,0.849580,0
20140801 023642513,0.849270,0.849570,0
20140801 023643013,0.849280,0.849580,0
20140801 023644513,0.849290,0.849590,0
20140801 023645013,0.849280,0.849580,0
20140801 023647763,0.849290,0.849590,0
20140801 023648013,0.849280,0.849580,0
20140801 023648500,0.849290,0.849590,0
20140801 023652763,0.849280,0.849580,0
20140801 023702013,0.849290,0.849590,0
20140801 023702763,0.849300,0.849600,0
20140801 023808513,0.849290,0.849590,0
20140801 023809263,0.849300,0.849600,0
20140801 023831763,0.849310,0.849610,0
20140801 023834013,0.849320,0.849620,0
20140801 023835263,0.849310,0.849610,0
20140801 023840513,0.849320,0.849620,0
20140801 023841513,0.849310,0.849610,0
20140801 023848763,0.849320,0.849620,0
20140801 023849513,0.849310,0.849610,0
20140801 023854747,0.849300,0.849600,0
20140801 023855763,0.849310,0.849610,0
20140801 023857497,0.849300,0.849600,0
20140801 023858747,0.849310,0.849610,0
20140801 023859497,0.849300,0.849600,0
20140801 023900247,0.849280,0.849580,0
20140801 023900513,0.849250,0.849550,0
20140801 023900763,0.849230,0.849530,0
20140801 023901013,0.849220,0.849520,0
20140801 023901497,0.849180,0.849480,0
20140801 023901763,0.849130,0.849430,0
20140801 023901997,0.849140,0.849440,0
20140801 023903013,0.849150,0.849450,0
20140801 023903497,0.849140,0.849440,0
20140801 023903997,0.849150,0.849450,0
20140801 023904997,0.849160,0.849460,0
20140801 023908280,0.849180,0.849480,0
20140801 023908763,0.849210,0.849510,0
20140801 023909013,0.849200,0.849500,0
20140801 023910763,0.849210,0.849510,0
20140801 023911013,0.849200,0.849500,0
20140801 023916513,0.849210,0.849510,0
20140801 023917263,0.849200,0.849500,0
20140801 023920263,0.849190,0.849490,0
20140801 023947497,0.849180,0.849480,0
20140801 024005497,0.849170,0.849470,0
20140801 024006997,0.849180,0.849480,0
20140801 024014997,0.849190,0.849490,0
20140801 024020247,0.849210,0.849510,0
20140801 024023247,0.849200,0.849500,0
20140801 024034247,0.849190,0.849490,0
20140801 024034747,0.849180,0.849480,0
20140801 024049513,0.849170,0.849470,0
20140801 024053513,0.849190,0.849490,0
20140801 024054763,0.849180,0.849480,0
20140801 024055013,0.849170,0.849470,0
20140801 024059763,0.849180,0.849480,0
20140801 024059997,0.849170,0.849470,0
20140801 024102747,0.849160,0.849460,0
20140801 024103247,0.849150,0.849450,0
20140801 024103747,0.849160,0.849460,0
20140801 024103997,0.849150,0.849450,0
20140801 024108747,0.849140,0.849440,0
20140801 024113747,0.849130,0.849430,0
20140801 024113997,0.849140,0.849440,0
20140801 024115997,0.849130,0.849430,0
20140801 024116497,0.849140,0.849440,0
20140801 024116997,0.849130,0.849430,0
20140801 024118013,0.849140,0.849440,0
20140801 024127013,0.849130,0.849430,0
20140801 024129763,0.849140,0.849440,0
20140801 024130513,0.849130,0.849430,0
20140801 024131263,0.849140,0.849440,0
20140801 024139013,0.849150,0.849450,0
20140801 024140763,0.849160,0.849460,0
20140801 024142013,0.849150,0.849450,0
20140801 024142263,0.849160,0.849460,0
20140801 024146513,0.849150,0.849450,0
20140801 024205497,0.849160,0.849460,0
20140801 024205747,0.849150,0.849450,0
20140801 024205997,0.849160,0.849460,0
20140801 024206997,0.849150,0.849450,0
20140801 024207497,0.849160,0.849460,0
20140801 024208997,0.849150,0.849450,0
20140801 024209497,0.849160,0.849460,0
20140801 024209747,0.849150,0.849450,0
20140801 024211247,0.849160,0.849460,0
20140801 024211497,0.849150,0.849450,0
20140801 024211997,0.849160,0.849460,0
20140801 024218247,0.849150,0.849450,0
20140801 024228997,0.849160,0.849460,0
20140801 024229263,0.849150,0.849450,0
20140801 024229997,0.849140,0.849440,0
20140801 024239247,0.849150,0.849450,0
20140801 024243747,0.849160,0.849460,0
20140801 024247263,0.849150,0.849450,0
20140801 024247747,0.849120,0.849420,0
20140801 024303777,0.849140,0.849440,0
