TIME,MIN,MAX,OTHER
20140801 000005670,0.929350,0.929550,0
20140801 000015170,0.929380,0.929580,0
20140801 000016420,0.929390,0.929590,0
20140801 000031667,0.929380,0.929580,0
20140801 000045417,0.929360,0.929560,0
20140801 000045667,0.929340,0.929540,0
20140801 000106667,0.929330,0.929530,0
20140801 000106917,0.929280,0.929480,0
20140801 000107417,0.929250,0.929450,0
20140801 000113090,0.929240,0.929440,0
20140801 000115183,0.929250,0.929450,0
20140801 000137433,0.929260,0.929460,0
20140801 000206683,0.929270,0.929470,0
20140801 000206933,0.929280,0.929480,0
20140801 000207183,0.929350,0.929550,0
20140801 000207433,0.929370,0.929570,0
20140801 000207683,0.929350,0.929550,0
20140801 000207933,0.929360,0.929560,0
20140801 000209683,0.929350,0.929550,0
20140801 000209933,0.929340,0.929540,0
20140801 000212933,0.929280,0.929480,0
20140801 000213167,0.929330,0.929530,0
20140801 000213683,0.929320,0.929520,0
20140801 000215933,0.929300,0.929500,0
20140801 000228683,0.929310,0.929510,0
20140801 000228933,0.929340,0.929540,0
20140801 000229683,0.929350,0.929550,0
20140801 000512417,0.929340,0.929540,0
20140801 000512667,0.929330,0.929530,0
20140801 000529417,0.929320,0.929520,0
20140801 000531167,0.929330,0.929530,0
20140801 000533417,0.929320,0.929520,0
20140801 000547183,0.929330,0.929530,0
20140801 000551933,0.929290,0.929490,0
20140801 000552183,0.929280,0.929480,0
20140801 000643197,0.929300,0.929500,0
20140801 000651947,0.929290,0.929490,0
20140801 000712947,0.929280,0.929480,0
20140801 000755197,0.929290,0.929490,0
20140801 000755447,0.929280,0.929480,0
20140801 000756197,0.929270,0.929470,0
20140801 000756697,0.929280,0.929480,0
20140801 000809947,0.929270,0.929470,0
20140801 000810197,0.929280,0.929480,0
20140801 000840430,0.929270,0.929470,0
20140801 000844680,0.929260,0.929460,0
20140801 000844930,0.929270,0.929470,0
20140801 000853430,0.929260,0.929460,0
20140801 000853680,0.929270,0.929470,0
20140801 000901447,0.929260,0.929460,0
20140801 000908930,0.929270,0.929470,0
20140801 000948930,0.929280,0.929480,0
20140801 000949430,0.929270,0.929470,0
20140801 001007697,0.929260,0.929460,0
20140801 001008430,0.929240,0.929440,0
20140801 001008680,0.929190,0.929390,0
20140801 001014180,0.929230,0.929430,0
20140801 001014430,0.929240,0.929440,0
20140801 001014680,0.929260,0.929460,0
20140801 001014930,0.929250,0.929450,0
20140801 001015680,0.929230,0.929430,0
20140801 001015930,0.929240,0.929440,0
20140801 001016180,0.929260,0.929460,0
20140801 001021180,0.929280,0.929480,0
20140801 001021930,0.929290,0.929490,0
20140801 001026180,0.929280,0.929480,0
20140801 001031680,0.929290,0.929490,0
20140801 001037680,0.929260,0.929460,0
20140801 001038930,0.929240,0.929440,0
20140801 001039180,0.929260,0.929460,0
20140801 001039680,0.929240,0.929440,0
20140801 001130180,0.929230,0.929430,0
20140801 001130430,0.929190,0.929390,0
20140801 001131180,0.929170,0.929370,0
20140801 001138180,0.929180,0.929380,0
20140801 001138430,0.929190,0.929390,0
20140801 001138680,0.929200,0.929400,0
20140801 001139680,0.929210,0.929410,0
20140801 001148680,0.929180,0.929380,0
20140801 001148930,0.929190,0.929390,0
20140801 001149180,0.929170,0.929370,0
20140801 001157180,0.929180,0.929380,0
20140801 001157680,0.929190,0.929390,0
20140801 001204180,0.929200,0.929400,0
20140801 001207430,0.929220,0.929420,0
20140801 001207680,0.929230,0.929430,0
20140801 001208930,0.929210,0.929410,0
20140801 001225930,0.929200,0.929400,0
20140801 001230180,0.929220,0.929420,0
20140801 001230430,0.929240,0.929440,0
20140801 001230680,0.929230,0.929430,0
20140801 001300180,0.929240,0.929440,0
20140801 001302930,0.929230,0.929430,0
20140801 001309930,0.929240,0.929440,0
20140801 001310680,0.929230,0.929430,0
20140801 001314430,0.929240,0.929440,0
20140801 001327680,0.929210,0.929410,0
20140801 001327930,0.929200,0.929400,0
20140801 001328430,0.929230,0.929430,0
20140801 001328680,0.929240,0.929440,0
20140801 001330680,0.929250,0.929450,0
20140801 001330930,0.929270,0.929470,0
20140801 001341180,0.929260,0.929460,0
20140801 001341447,0.929250,0.929450,0
20140801 001343180,0.929270,0.929470,0
20140801 001343930,0.929300,0.929500,0
20140801 001346680,0.929310,0.929510,0
20140801 001347180,0.929300,0.929500,0
20140801 001402180,0.929280,0.929480,0
20140801 001402430,0.929270,0.929470,0
20140801 001404180,0.929280,0.929480,0
20140801 001404680,0.929330,0.929530,0
20140801 001404930,0.929340,0.929540,0
20140801 001405180,0.929330,0.929530,0
20140801 001423693,0.929380,0.929580,0
20140801 001424180,0.929370,0.929570,0
20140801 001424430,0.929360,0.929560,0
20140801 001424680,0.929380,0.929580,0
20140801 001439930,0.929370,0.929570,0
20140801 001440180,0.929340,0.929540,0
20140801 001440430,0.929320,0.929520,0
20140801 001440680,0.929330,0.929530,0
20140801 001441193,0.929340,0.929540,0
20140801 001441430,0.929380,0.929580,0
20140801 001442430,0.929370,0.929570,0
20140801 001442930,0.929360,0.929560,0
20140801 001443193,0.929320,0.929520,0
20140801 001443430,0.929290,0.929490,0
20140801 001443930,0.929280,0.929480,0
20140801 001459943,0.929290,0.929490,0
20140801 001502430,0.929280,0.929480,0
20140801 001506427,0.929290,0.929490,0
20140801 001528927,0.929260,0.929460,0
20140801 001547177,0.929270,0.929470,0
20140801 001558427,0.929260,0.929460,0
20140801 001602177,0.929280,0.929480,0
20140801 001602427,0.929290,0.929490,0
20140801 001630177,0.929280,0.929480,0
20140801 001630927,0.929290,0.929490,0
20140801 001631193,0.929280,0.929480,0
20140801 001640943,0.929260,0.929460,0
20140801 001701943,0.929240,0.929440,0
20140801 001702210,0.929200,0.929400,0
20140801 001702443,0.929180,0.929380,0
20140801 001702693,0.929170,0.929370,0
20140801 001704443,0.929180,0.929380,0
20140801 001705193,0.929190,0.929390,0
20140801 001705443,0.929180,0.929380,0
20140801 001705693,0.929190,0.929390,0
20140801 001710443,0.929200,0.929400,0
20140801 001711193,0.929220,0.929420,0
20140801 001711443,0.929240,0.929440,0
20140801 001711693,0.929260,0.929460,0
20140801 001712443,0.929270,0.929470,0
20140801 001717693,0.929260,0.929460,0
20140801 001718193,0.929270,0.929470,0
20140801 001718443,0.929280,0.929480,0
20140801 001723193,0.929270,0.929470,0
20140801 001723443,0.929260,0.929460,0
20140801 001724193,0.929250,0.929450,0
20140801 001724443,0.929240,0.929440,0
20140801 001724693,0.929230,0.929430,0
20140801 001724943,0.929220,0.929420,0
20140801 001725193,0.929200,0.929400,0
20140801 001725443,0.929190,0.929390,0
20140801 001725693,0.929200,0.929400,0
20140801 001727443,0.929190,0.929390,0
20140801 001733943,0.929210,0.929410,0
20140801 001734193,0.929220,0.929420,0
20140801 001734693,0.929210,0.929410,0
20140801 001735943,0.929190,0.929390,0
20140801 001736193,0.929200,0.929400,0
20140801 001740193,0.929210,0.929410,0
20140801 001740443,0.929240,0.929440,0
20140801 001740693,0.929230,0.929430,0
20140801 001743443,0.929210,0.929410,0
20140801 001746193,0.929230,0.929430,0
20140801 001747943,0.929210,0.929410,0
20140801 001748193,0.929220,0.929420,0
20140801 001748443,0.929210,0.929410,0
20140801 001752693,0.929190,0.929390,0
20140801 001752943,0.929180,0.929380,0
20140801 001753193,0.929190,0.929390,0
20140801 001754693,0.929210,0.929410,0
20140801 001754943,0.929220,0.929420,0
20140801 001755193,0.929210,0.929410,0
20140801 001802943,0.929220,0.929420,0
20140801 001803693,0.929210,0.929410,0
20140801 001807443,0.929220,0.929420,0
20140801 001817693,0.929230,0.929430,0
20140801 001817943,0.929220,0.929420,0
20140801 001818193,0.929230,0.929430,0
20140801 001818443,0.929220,0.929420,0
20140801 001818693,0.929230,0.929430,0
20140801 001826693,0.929220,0.929420,0
20140801 001826943,0.929230,0.929430,0
20140801 001827693,0.929220,0.929420,0
20140801 001833193,0.929230,0.929430,0
20140801 001833443,0.929220,0.929420,0
20140801 001834207,0.929230,0.929430,0
20140801 001834943,0.929220,0.929420,0
20140801 001835193,0.929230,0.929430,0
20140801 001835693,0.929220,0.929420,0
20140801 001838693,0.929230,0.929430,0
20140801 001838943,0.929220,0.929420,0
20140801 001841193,0.929200,0.929400,0
20140801 001841443,0.929180,0.929380,0
20140801 001844943,0.929190,0.929390,0
20140801 001848443,0.929240,0.929440,0
20140801 001854693,0.929200,0.929400,0
20140801 001854943,0.929190,0.929390,0
20140801 001856693,0.929240,0.929440,0
20140801 001857193,0.929230,0.929430,0
20140801 001900443,0.929240,0.929440,0
20140801 001900943,0.929230,0.929430,0
20140801 001901193,0.929240,0.929440,0
20140801 001903193,0.929250,0.929450,0
20140801 001910443,0.929240,0.929440,0
20140801 001914693,0.929250,0.929450,0
20140801 001914943,0.929260,0.929460,0
20140801 001915193,0.929250,0.929450,0
20140801 001915443,0.929260,0.929460,0
20140801 001915693,0.929270,0.929470,0
20140801 001923443,0.929280,0.929480,0
20140801 001923693,0.929310,0.929510,0
20140801 001923943,0.929330,0.929530,0
20140801 001924193,0.929310,0.929510,0
20140801 001924443,0.929340,0.929540,0
20140801 001924943,0.929330,0.929530,0
20140801 001925943,0.929310,0.929510,0
20140801 001926193,0.929290,0.929490,0
20140801 002001193,0.929300,0.929500,0
20140801 002001693,0.929330,0.929530,0
20140801 002001943,0.929350,0.929550,0
20140801 002013193,0.929360,0.929560,0
20140801 002013443,0.929350,0.929550,0
20140801 002016443,0.929360,0.929560,0
20140801 002023943,0.929350,0.929550,0
20140801 002032927,0.929360,0.929560,0
20140801 002034677,0.929340,0.929540,0
20140801 002035177,0.929330,0.929530,0
20140801 002035427,0.929320,0.929520,0
20140801 002035677,0.929330,0.929530,0
20140801 002036177,0.929320,0.929520,0
20140801 002036927,0.929330,0.929530,0
20140801 002038677,0.929320,0.929520,0
20140801 002042177,0.929330,0.929530,0
20140801 002047177,0.929370,0.929570,0
20140801 002047427,0.929360,0.929560,0
20140801 002047677,0.929350,0.929550,0
20140801 002047927,0.929340,0.929540,0
20140801 002049927,0.929350,0.929550,0
20140801 002051177,0.929340,0.929540,0
20140801 002110677,0.929310,0.929510,0
20140801 002111427,0.929300,0.929500,0
20140801 002111677,0.929290,0.929490,0
20140801 002111927,0.929280,0.929480,0
20140801 002112193,0.929320,0.929520,0
20140801 002112427,0.929290,0.929490,0
20140801 002112677,0.929250,0.929450,0
20140801 002112927,0.929270,0.929470,0
20140801 002113177,0.929280,0.929480,0
20140801 002113427,0.929290,0.929490,0
20140801 002113677,0.929330,0.929530,0
20140801 002121427,0.929320,0.929520,0
20140801 002121927,0.929290,0.929490,0
20140801 002122177,0.929280,0.929480,0
20140801 002131177,0.929290,0.929490,0
20140801 002132927,0.929280,0.929480,0
20140801 002145177,0.929290,0.929490,0
20140801 002227440,0.929300,0.929500,0
20140801 002255190,0.929290,0.929490,0
20140801 002256190,0.929300,0.929500,0
20140801 002256440,0.929270,0.929470,0
20140801 002256690,0.929260,0.929460,0
20140801 002305940,0.929300,0.929500,0
20140801 002306440,0.929290,0.929490,0
20140801 002306690,0.929300,0.929500,0
20140801 002307190,0.929290,0.929490,0
20140801 002307440,0.929300,0.929500,0
20140801 002309957,0.929290,0.929490,0
20140801 002310190,0.929300,0.929500,0
20140801 002310940,0.929290,0.929490,0
20140801 002311190,0.929300,0.929500,0
20140801 002316940,0.929290,0.929490,0
20140801 002317190,0.929300,0.929500,0
20140801 002317940,0.929290,0.929490,0
20140801 002318440,0.929300,0.929500,0
20140801 002320690,0.929290,0.929490,0
20140801 002321190,0.929300,0.929500,0
20140801 002326190,0.929290,0.929490,0
20140801 002326690,0.929300,0.929500,0
20140801 002331690,0.929290,0.929490,0
20140801 002334690,0.929330,0.929530,0
20140801 002334940,0.929280,0.929480,0
20140801 002335190,0.929240,0.929440,0
20140801 002335440,0.929260,0.929460,0
20140801 002335690,0.929240,0.929440,0
20140801 002335940,0.929190,0.929390,0
20140801 002336207,0.929180,0.929380,0
20140801 002406940,0.929190,0.929390,0
20140801 002407190,0.929220,0.929420,0
20140801 002407440,0.929230,0.929430,0
20140801 002412190,0.929200,0.929400,0
20140801 002412440,0.929230,0.929430,0
20140801 002412690,0.929240,0.929440,0
20140801 002412940,0.929230,0.929430,0
20140801 002433690,0.929220,0.929420,0
20140801 002433940,0.929210,0.929410,0
20140801 002434190,0.929230,0.929430,0
20140801 002444440,0.929220,0.929420,0
20140801 002444690,0.929230,0.929430,0
20140801 002446940,0.929220,0.929420,0
20140801 002447440,0.929230,0.929430,0
20140801 002451690,0.929220,0.929420,0
20140801 002451957,0.929230,0.929430,0
20140801 002453207,0.929220,0.929420,0
20140801 002454190,0.929230,0.929430,0
20140801 002501940,0.929220,0.929420,0
20140801 002502190,0.929230,0.929430,0
20140801 002506690,0.929190,0.929390,0
20140801 002507190,0.929160,0.929360,0
20140801 002507440,0.929140,0.929340,0
20140801 002510440,0.929150,0.929350,0
20140801 002511690,0.929140,0.929340,0
20140801 002650190,0.929150,0.929350,0
20140801 002700940,0.929140,0.929340,0
20140801 002701190,0.929150,0.929350,0
20140801 002709690,0.929140,0.929340,0
20140801 002711940,0.929150,0.929350,0
20140801 002731940,0.929140,0.929340,0
20140801 002732190,0.929130,0.929330,0
20140801 002732440,0.929140,0.929340,0
20140801 002738440,0.929170,0.929370,0
20140801 002738690,0.929180,0.929380,0
20140801 002740690,0.929220,0.929420,0
20140801 002742940,0.929190,0.929390,0
20140801 002743190,0.929180,0.929380,0
20140801 002746190,0.929150,0.929350,0
20140801 002752440,0.929170,0.929370,0
20140801 002759940,0.929180,0.929380,0
20140801 002800190,0.929160,0.929360,0
20140801 002800690,0.929150,0.929350,0
20140801 002803063,0.929140,0.929340,0
20140801 002835690,0.929130,0.929330,0
20140801 002840190,0.929150,0.929350,0
20140801 002846190,0.929170,0.929370,0
20140801 002846440,0.929180,0.929380,0
20140801 002911940,0.929150,0.929350,0
20140801 002912190,0.929160,0.929360,0
20140801 002917453,0.929180,0.929380,0
20140801 002941190,0.929170,0.929370,0
20140801 002941940,0.929160,0.929360,0
20140801 002942690,0.929150,0.929350,0
20140801 002959953,0.929140,0.929340,0
20140801 003000953,0.929150,0.929350,0
20140801 003001203,0.929140,0.929340,0
20140801 003006953,0.929150,0.929350,0
20140801 003008220,0.929140,0.929340,0
20140801 003010953,0.929150,0.929350,0
20140801 003021187,0.929160,0.929360,0
20140801 003025687,0.929130,0.929330,0
20140801 003025937,0.929120,0.929320,0
20140801 003026187,0.929110,0.929310,0
20140801 003026687,0.929080,0.929280,0
20140801 003028687,0.929090,0.929290,0
20140801 003029187,0.929080,0.929280,0
20140801 003029937,0.929090,0.929290,0
20140801 003032187,0.929070,0.929270,0
20140801 003032437,0.929040,0.929240,0
20140801 003033687,0.929030,0.929230,0
20140801 003035187,0.929070,0.929270,0
20140801 003046937,0.929080,0.929280,0
20140801 003047187,0.929130,0.929330,0
20140801 003047937,0.929090,0.929290,0
20140801 003048187,0.929080,0.929280,0
20140801 003102453,0.929060,0.929260,0
20140801 003102703,0.929040,0.929240,0
20140801 003102953,0.929050,0.929250,0
20140801 003103203,0.929040,0.929240,0
20140801 003117953,0.929050,0.929250,0
20140801 003119203,0.929060,0.929260,0
20140801 003122953,0.929050,0.929250,0
20140801 003123453,0.929040,0.929240,0
20140801 003154203,0.929020,0.929220,0
20140801 003154453,0.928980,0.929180,0
20140801 003200453,0.928960,0.929160,0
20140801 003204203,0.928950,0.929150,0
20140801 003207203,0.928980,0.929180,0
20140801 003207453,0.929030,0.929230,0
20140801 003207703,0.929020,0.929220,0
20140801 003212703,0.928980,0.929180,0
20140801 003214953,0.928960,0.929160,0
20140801 003215203,0.928940,0.929140,0
20140801 003215453,0.928960,0.929160,0
20140801 003216703,0.928940,0.929140,0
20140801 003216953,0.928950,0.929150,0
20140801 003227937,0.928960,0.929160,0
20140801 003230187,0.928950,0.929150,0
20140801 003230437,0.928960,0.929160,0
20140801 003233687,0.928950,0.929150,0
20140801 003234687,0.928940,0.929140,0
20140801 003234937,0.928950,0.929150,0
20140801 003239437,0.928960,0.929160,0
20140801 003243437,0.928970,0.929170,0
20140801 003243687,0.929020,0.929220,0
20140801 003246187,0.928990,0.929190,0
20140801 003246437,0.928980,0.929180,0
20140801 003249187,0.928950,0.929150,0
20140801 003253687,0.928980,0.929180,0
20140801 003255937,0.928970,0.929170,0
20140801 003256203,0.928940,0.929140,0
20140801 003256437,0.928960,0.929160,0
20140801 003256687,0.928950,0.929150,0
20140801 003259937,0.928960,0.929160,0
20140801 003306937,0.928980,0.929180,0
20140801 003307187,0.929030,0.929230,0
20140801 003307437,0.929040,0.929240,0
20140801 003308937,0.929030,0.929230,0
20140801 003309187,0.928990,0.929190,0
20140801 003311437,0.928970,0.929170,0
20140801 003311687,0.928980,0.929180,0
20140801 003314937,0.928970,0.929170,0
20140801 003315187,0.928950,0.929150,0
20140801 003315437,0.928960,0.929160,0
20140801 003321937,0.928990,0.929190,0
20140801 003322203,0.929020,0.929220,0
20140801 003354203,0.928990,0.929190,0
20140801 003354453,0.928980,0.929180,0
20140801 003358203,0.928950,0.929150,0
20140801 003418437,0.928980,0.929180,0
20140801 003452453,0.928990,0.929190,0
20140801 003532937,0.928980,0.929180,0
20140801 003533937,0.928990,0.929190,0
20140801 003542687,0.928980,0.929180,0
20140801 003554187,0.928990,0.929190,0
20140801 003554687,0.929030,0.929230,0
20140801 003556187,0.929000,0.929200,0
20140801 003556437,0.928990,0.929190,0
20140801 003556937,0.929000,0.929200,0
20140801 003557937,0.929030,0.929230,0
20140801 003558687,0.929020,0.929220,0
20140801 003559437,0.929000,0.929200,0
20140801 003559687,0.928990,0.929190,0
20140801 003600187,0.929000,0.929200,0
20140801 003610187,0.929030,0.929230,0
20140801 003610437,0.929060,0.929260,0
20140801 003612453,0.929050,0.929250,0
20140801 003615453,0.929060,0.929260,0
20140801 003615703,0.929050,0.929250,0
20140801 003615953,0.929060,0.929260,0
20140801 003616703,0.929050,0.929250,0
20140801 003616953,0.929040,0.929240,0
20140801 003617203,0.929010,0.929210,0
20140801 003617453,0.929000,0.929200,0
20140801 003617953,0.929050,0.929250,0
20140801 003618203,0.929090,0.929290,0
20140801 003618453,0.929060,0.929260,0
20140801 003618703,0.929100,0.929300,0
20140801 003618953,0.929110,0.929310,0
20140801 003619203,0.929120,0.929320,0
20140801 003619453,0.929160,0.929360,0
20140801 003619703,0.929170,0.929370,0
20140801 003621703,0.929160,0.929360,0
20140801 003622703,0.929150,0.929350,0
20140801 003622953,0.929140,0.929340,0
20140801 003623453,0.929150,0.929350,0
20140801 003624953,0.929140,0.929340,0
20140801 003625453,0.929120,0.929320,0
20140801 003625703,0.929110,0.929310,0
20140801 003632703,0.929100,0.929300,0
20140801 003633453,0.929080,0.929280,0
20140801 003633703,0.929070,0.929270,0
20140801 003640700,0.929110,0.929310,0
20140801 003640950,0.929080,0.929280,0
20140801 003641200,0.929070,0.929270,0
20140801 003652967,0.929080,0.929280,0
20140801 003653967,0.929070,0.929270,0
20140801 003654717,0.929080,0.929280,0
20140801 003701217,0.929070,0.929270,0
20140801 003702717,0.929080,0.929280,0
20140801 003702967,0.929070,0.929270,0
20140801 003706717,0.929130,0.929330,0
20140801 003706967,0.929120,0.929320,0
20140801 003709467,0.929080,0.929280,0
20140801 003713200,0.929120,0.929320,0
20140801 003713467,0.929130,0.929330,0
20140801 003714450,0.929120,0.929320,0
20140801 003746967,0.929080,0.929280,0
20140801 003749217,0.929120,0.929320,0
20140801 003817717,0.929080,0.929280,0
20140801 003824967,0.929120,0.929320,0
20140801 003854967,0.929130,0.929330,0
20140801 003857717,0.929150,0.929350,0
20140801 003857967,0.929160,0.929360,0
20140801 003912967,0.929140,0.929340,0
20140801 003913217,0.929120,0.929320,0
20140801 003915950,0.929110,0.929310,0
20140801 003917200,0.929100,0.929300,0
20140801 003917450,0.929090,0.929290,0
20140801 003926700,0.929120,0.929320,0
20140801 003928200,0.929130,0.929330,0
20140801 003929450,0.929100,0.929300,0
20140801 003929967,0.929090,0.929290,0
20140801 003940967,0.929130,0.929330,0
20140801 003945967,0.929090,0.929290,0
20140801 003948700,0.929120,0.929320,0
20140801 003950967,0.929130,0.929330,0
20140801 003954967,0.929140,0.929340,0
20140801 003955467,0.929150,0.929350,0
20140801 003956450,0.929160,0.929360,0
20140801 004000200,0.929150,0.929350,0
20140801 004001450,0.929120,0.929320,0
20140801 004002967,0.929110,0.929310,0
20140801 004009200,0.929120,0.929320,0
20140801 004029200,0.929130,0.929330,0
20140801 004029717,0.929120,0.929320,0
20140801 004029967,0.929130,0.929330,0
20140801 004033230,0.929140,0.929340,0
20140801 004033717,0.929130,0.929330,0
20140801 004039467,0.929140,0.929340,0
20140801 004040200,0.929130,0.929330,0
20140801 004042217,0.929140,0.929340,0
20140801 004043717,0.929130,0.929330,0
20140801 004043967,0.929140,0.929340,0
20140801 004044717,0.929130,0.929330,0
20140801 004044967,0.929120,0.929320,0
20140801 004102717,0.929130,0.929330,0
20140801 004142217,0.929140,0.929340,0
20140801 004142467,0.929160,0.929360,0
20140801 004142717,0.929170,0.929370,0
20140801 004148217,0.929160,0.929360,0
20140801 004150217,0.929170,0.929370,0
20140801 004150450,0.929200,0.929400,0
20140801 004150717,0.929220,0.929420,0
20140801 004150967,0.929280,0.929480,0
20140801 004152967,0.929290,0.929490,0
20140801 004154200,0.929280,0.929480,0
20140801 004159450,0.929260,0.929460,0
20140801 004204217,0.929270,0.929470,0
20140801 004204717,0.929260,0.929460,0
20140801 004209717,0.929270,0.929470,0
20140801 004209967,0.929260,0.929460,0
20140801 004210467,0.929240,0.929440,0
20140801 004210717,0.929200,0.929400,0
20140801 004234967,0.929210,0.929410,0
20140801 004235217,0.929200,0.929400,0
20140801 004235467,0.929210,0.929410,0
20140801 004235967,0.929230,0.929430,0
20140801 004237467,0.929210,0.929410,0
20140801 004237967,0.929200,0.929400,0
20140801 004254467,0.929220,0.929420,0
20140801 004254717,0.929250,0.929450,0
20140801 004254967,0.929260,0.929460,0
20140801 004312217,0.929250,0.929450,0
20140801 004312467,0.929220,0.929420,0
20140801 004312717,0.929230,0.929430,0
20140801 004313467,0.929220,0.929420,0
20140801 004328713,0.929230,0.929430,0
20140801 004328963,0.929220,0.929420,0
20140801 004339963,0.929230,0.929430,0
20140801 004343213,0.929220,0.929420,0
20140801 004358963,0.929230,0.929430,0
20140801 004359213,0.929250,0.929450,0
20140801 004359463,0.929260,0.929460,0
20140801 004359713,0.929250,0.929450,0
20140801 004359963,0.929260,0.929460,0
20140801 004439713,0.929250,0.929450,0
20140801 004459963,0.929260,0.929460,0
20140801 004544213,0.929250,0.929450,0
20140801 004546713,0.929260,0.929460,0
20140801 004547713,0.929250,0.929450,0
20140801 004549463,0.929260,0.929460,0
20140801 004556463,0.929250,0.929450,0
20140801 004604713,0.929220,0.929420,0
20140801 004624713,0.929230,0.929430,0
20140801 004645963,0.929220,0.929420,0
20140801 004650213,0.929210,0.929410,0
20140801 004651213,0.929200,0.929400,0
20140801 004651463,0.929210,0.929410,0
20140801 004657963,0.929200,0.929400,0
20140801 004658463,0.929220,0.929420,0
20140801 004658713,0.929210,0.929410,0
20140801 004658963,0.929220,0.929420,0
20140801 004659463,0.929210,0.929410,0
20140801 004701463,0.929220,0.929420,0
20140801 004701713,0.929210,0.929410,0
20140801 004719713,0.929200,0.929400,0
20140801 004720463,0.929210,0.929410,0
20140801 004720713,0.929200,0.929400,0
20140801 004721463,0.929210,0.929410,0
20140801 004723713,0.929220,0.929420,0
20140801 004723963,0.929230,0.929430,0
20140801 004724213,0.929240,0.929440,0
20140801 004724713,0.929230,0.929430,0
20140801 004725213,0.929240,0.929440,0
20140801 004725963,0.929230,0.929430,0
20140801 004727463,0.929240,0.929440,0
20140801 004727963,0.929200,0.929400,0
20140801 004728213,0.929230,0.929430,0
20140801 004729463,0.929220,0.929420,0
20140801 004729713,0.929190,0.929390,0
20140801 004735713,0.929180,0.929380,0
20140801 004736963,0.929190,0.929390,0
20140801 004749463,0.929200,0.929400,0
20140801 004758713,0.929240,0.929440,0
20140801 004758963,0.929250,0.929450,0
20140801 004800197,0.929290,0.929490,0
20140801 004808213,0.929280,0.929480,0
20140801 004814963,0.929290,0.929490,0
20140801 004815447,0.929320,0.929520,0
20140801 004815697,0.929350,0.929550,0
20140801 004816697,0.929360,0.929560,0
20140801 004816963,0.929350,0.929550,0
20140801 004825447,0.929360,0.929560,0
20140801 004825963,0.929380,0.929580,0
20140801 004826213,0.929390,0.929590,0
20140801 004826447,0.929400,0.929600,0
20140801 004826713,0.929460,0.929660,0
20140801 004826977,0.929480,0.929680,0
20140801 004827197,0.929470,0.929670,0
20140801 004827447,0.929440,0.929640,0
20140801 004827697,0.929470,0.929670,0
20140801 004828197,0.929480,0.929680,0
20140801 004828697,0.929470,0.929670,0
20140801 004829447,0.929480,0.929680,0
20140801 004829697,0.929470,0.929670,0
20140801 004829963,0.929440,0.929640,0
20140801 004830197,0.929430,0.929630,0
20140801 004830447,0.929460,0.929660,0
20140801 004830697,0.929440,0.929640,0
20140801 004830963,0.929410,0.929610,0
20140801 004831197,0.929380,0.929580,0
20140801 004831447,0.929350,0.929550,0
20140801 004845197,0.929330,0.929530,0
20140801 004845447,0.929290,0.929490,0
20140801 004845963,0.929280,0.929480,0
20140801 004858963,0.929290,0.929490,0
20140801 004859447,0.929280,0.929480,0
20140801 004911963,0.929290,0.929490,0
20140801 004920197,0.929280,0.929480,0
20140801 004920447,0.929290,0.929490,0
20140801 004928213,0.929280,0.929480,0
20140801 004928713,0.929290,0.929490,0
20140801 004938713,0.929280,0.929480,0
20140801 004939213,0.929290,0.929490,0
20140801 004950213,0.929280,0.929480,0
20140801 004957963,0.929290,0.929490,0
20140801 005012463,0.929280,0.929480,0
20140801 005012713,0.929290,0.929490,0
20140801 005021963,0.929280,0.929480,0
20140801 005022213,0.929290,0.929490,0
20140801 005058197,0.929280,0.929480,0
20140801 005100213,0.929290,0.929490,0
20140801 005100713,0.929280,0.929480,0
20140801 005101213,0.929290,0.929490,0
20140801 005102463,0.929280,0.929480,0
20140801 005102713,0.929290,0.929490,0
20140801 005103463,0.929280,0.929480,0
20140801 005118197,0.929270,0.929470,0
20140801 005118960,0.929280,0.929480,0
20140801 005119710,0.929270,0.929470,0
20140801 005119960,0.929280,0.929480,0
20140801 005120460,0.929270,0.929470,0
20140801 005120710,0.929280,0.929480,0
20140801 005121960,0.929270,0.929470,0
20140801 005122210,0.929280,0.929480,0
20140801 005122460,0.929270,0.929470,0
20140801 005122710,0.929280,0.929480,0
20140801 005123210,0.929270,0.929470,0
20140801 005128460,0.929260,0.929460,0
20140801 005129960,0.929270,0.929470,0
20140801 005130210,0.929260,0.929460,0
20140801 005131460,0.929270,0.929470,0
20140801 005131960,0.929260,0.929460,0
20140801 005132197,0.929270,0.929470,0
20140801 005132960,0.929260,0.929460,0
20140801 005139960,0.929240,0.929440,0
20140801 005140210,0.929260,0.929460,0
20140801 005141460,0.929240,0.929440,0
20140801 005141710,0.929260,0.929460,0
20140801 005141960,0.929240,0.929440,0
20140801 005142210,0.929260,0.929460,0
20140801 005142710,0.929240,0.929440,0
20140801 005142960,0.929260,0.929460,0
20140801 005143460,0.929230,0.929430,0
20140801 005143960,0.929220,0.929420,0
20140801 005144460,0.929180,0.929380,0
20140801 005144710,0.929170,0.929370,0
20140801 005157710,0.929180,0.929380,0
20140801 005157960,0.929170,0.929370,0
20140801 005158460,0.929180,0.929380,0
20140801 005158710,0.929170,0.929370,0
20140801 005158960,0.929180,0.929380,0
20140801 005159210,0.929220,0.929420,0
20140801 005159460,0.929190,0.929390,0
20140801 005159710,0.929220,0.929420,0
20140801 005159960,0.929230,0.929430,0
20140801 005202960,0.929210,0.929410,0
20140801 005203210,0.929200,0.929400,0
20140801 005203960,0.929190,0.929390,0
20140801 005204210,0.929180,0.929380,0
20140801 005207710,0.929170,0.929370,0
20140801 005208210,0.929180,0.929380,0
20140801 005208460,0.929170,0.929370,0
20140801 005214460,0.929160,0.929360,0
20140801 005214710,0.929130,0.929330,0
20140801 005214960,0.929110,0.929310,0
20140801 005215210,0.929090,0.929290,0
20140801 005215710,0.929080,0.929280,0
20140801 005216460,0.929070,0.929270,0
20140801 005216710,0.929080,0.929280,0
20140801 005217960,0.929110,0.929310,0
20140801 005218210,0.929120,0.929320,0
20140801 005218710,0.929130,0.929330,0
20140801 005227210,0.929120,0.929320,0
20140801 005228697,0.929130,0.929330,0
20140801 005314697,0.929120,0.929320,0
20140801 005320960,0.929080,0.929280,0
20140801 005324960,0.929090,0.929290,0
20140801 005326697,0.929080,0.929280,0
20140801 005346447,0.929070,0.929270,0
20140801 005348697,0.929050,0.929250,0
20140801 005348960,0.929040,0.929240,0
20140801 005349197,0.929030,0.929230,0
20140801 005349447,0.929020,0.929220,0
20140801 005349697,0.928990,0.929190,0
20140801 005349960,0.928980,0.929180,0
20140801 005355447,0.928990,0.929190,0
20140801 005355697,0.928980,0.929180,0
20140801 005356697,0.928990,0.929190,0
20140801 005357197,0.929020,0.929220,0
20140801 005357447,0.929030,0.929230,0
20140801 005406697,0.929020,0.929220,0
20140801 005409697,0.929040,0.929240,0
20140801 005409960,0.929060,0.929260,0
20140801 005410197,0.929070,0.929270,0
20140801 005417197,0.929060,0.929260,0
20140801 005417447,0.929050,0.929250,0
20140801 005417697,0.929040,0.929240,0
20140801 005417960,0.929030,0.929230,0
20140801 005425697,0.929050,0.929250,0
20140801 005425960,0.929060,0.929260,0
20140801 005448443,0.929050,0.929250,0
20140801 005450443,0.929060,0.929260,0
20140801 005452193,0.929070,0.929270,0
20140801 005453460,0.929060,0.929260,0
20140801 005453960,0.929070,0.929270,0
20140801 005500193,0.929060,0.929260,0
20140801 005500443,0.929070,0.929270,0
20140801 005501193,0.929060,0.929260,0
20140801 005501443,0.929070,0.929270,0
20140801 005504443,0.929060,0.929260,0
20140801 005504960,0.929050,0.929250,0
20140801 005508693,0.929040,0.929240,0
20140801 005508960,0.929030,0.929230,0
20140801 005509443,0.929040,0.929240,0
20140801 005509960,0.929050,0.929250,0
20140801 005514443,0.929040,0.929240,0
20140801 005514693,0.929030,0.929230,0
20140801 005537960,0.929070,0.929270,0
20140801 005538210,0.929110,0.929310,0
20140801 005538460,0.929130,0.929330,0
20140801 005538960,0.929120,0.929320,0
20140801 005539210,0.929130,0.929330,0
20140801 005553710,0.929120,0.929320,0
20140801 005553960,0.929130,0.929330,0
20140801 005714943,0.929100,0.929300,0
20140801 005715193,0.929090,0.929290,0
20140801 005749193,0.929070,0.929270,0
20140801 005750443,0.929090,0.929290,0
20140801 005750693,0.929080,0.929280,0
20140801 005756193,0.929120,0.929320,0
20140801 005756443,0.929130,0.929330,0
20140801 005801960,0.929080,0.929280,0
20140801 005802193,0.929050,0.929250,0
20140801 005802443,0.929060,0.929260,0
20140801 005804693,0.929040,0.929240,0
20140801 005804960,0.929020,0.929220,0
20140801 005805210,0.928990,0.929190,0
20140801 005805443,0.928960,0.929160,0
20140801 005807960,0.928970,0.929170,0
20140801 005808210,0.928980,0.929180,0
20140801 005809210,0.929000,0.929200,0
20140801 005809460,0.929030,0.929230,0
20140801 005809960,0.929020,0.929220,0
20140801 005810210,0.929030,0.929230,0
20140801 005810460,0.929020,0.929220,0
20140801 005810710,0.928970,0.929170,0
20140801 005811210,0.928980,0.929180,0
20140801 005824960,0.929000,0.929200,0
20140801 005825210,0.929030,0.929230,0
20140801 005825460,0.929000,0.929200,0
20140801 005825710,0.928980,0.929180,0
20140801 005829460,0.928970,0.929170,0
20140801 005829710,0.928980,0.929180,0
20140801 005837960,0.928970,0.929170,0
20140801 005838210,0.928930,0.929130,0
20140801 005844960,0.928910,0.929110,0
20140801 005845210,0.928930,0.929130,0
20140801 005848960,0.928940,0.929140,0
20140801 005849193,0.928950,0.929150,0
20140801 005849443,0.928970,0.929170,0
20140801 005849693,0.928980,0.929180,0
20140801 005905443,0.928930,0.929130,0
20140801 005912957,0.928960,0.929160,0
20140801 005913207,0.928950,0.929150,0
20140801 005913457,0.928980,0.929180,0
20140801 005915957,0.928960,0.929160,0
20140801 005916207,0.928950,0.929150,0
20140801 005916457,0.928960,0.929160,0
20140801 005916707,0.928970,0.929170,0
20140801 005922207,0.928950,0.929150,0
20140801 005922707,0.928960,0.929160,0
20140801 005924707,0.928970,0.929170,0
20140801 005927707,0.928960,0.929160,0
20140801 005927957,0.928940,0.929140,0
20140801 005928207,0.928950,0.929150,0
20140801 005928457,0.928960,0.929160,0
20140801 005928707,0.928950,0.929150,0
20140801 005929207,0.928960,0.929160,0
20140801 005930707,0.928980,0.929180,0
20140801 005931957,0.928960,0.929160,0
20140801 005940207,0.928970,0.929170,0
20140801 005944457,0.928980,0.929180,0
20140801 005944957,0.929010,0.929210,0
20140801 005945207,0.929030,0.929230,0
20140801 005951457,0.929000,0.929200,0
20140801 005951707,0.928960,0.929160,0
20140801 005954957,0.928970,0.929170,0
20140801 005955193,0.928980,0.929180,0
20140801 005958443,0.928970,0.929170,0
20140801 005958957,0.928990,0.929190,0
20140801 005959443,0.928980,0.929180,0
20140801 010000193,0.929010,0.929210,0
20140801 010000443,0.929040,0.929240,0
20140801 010000693,0.929050,0.929250,0
20140801 010000957,0.929000,0.929200,0
20140801 010001693,0.928980,0.929180,0
20140801 010003193,0.928990,0.929190,0
20140801 010004693,0.929020,0.929220,0
20140801 010008443,0.929010,0.929210,0
20140801 010008693,0.928990,0.929190,0
20140801 010008957,0.928980,0.929180,0
20140801 010012957,0.928990,0.929190,0
20140801 010013193,0.928980,0.929180,0
20140801 010020457,0.928990,0.929190,0
20140801 010020707,0.928980,0.929180,0
20140801 010024707,0.928960,0.929160,0
20140801 010024957,0.928940,0.929140,0
20140801 010034707,0.928950,0.929150,0
20140801 010035207,0.928970,0.929170,0
20140801 010037957,0.928960,0.929160,0
20140801 010044207,0.928970,0.929170,0
20140801 010045207,0.928980,0.929180,0
20140801 010045457,0.928960,0.929160,0
20140801 010046457,0.928970,0.929170,0
20140801 010046707,0.928960,0.929160,0
20140801 010052207,0.928970,0.929170,0
20140801 010055707,0.928980,0.929180,0
20140801 010110707,0.928970,0.929170,0
20140801 010111457,0.928980,0.929180,0
20140801 010111957,0.928970,0.929170,0
20140801 010112207,0.928960,0.929160,0
20140801 010112457,0.928970,0.929170,0
20140801 010127957,0.928980,0.929180,0
20140801 010135457,0.928970,0.929170,0
20140801 010135957,0.928960,0.929160,0
20140801 010136207,0.928970,0.929170,0
20140801 010136457,0.928960,0.929160,0
20140801 010136707,0.928970,0.929170,0
20140801 010143957,0.928960,0.929160,0
20140801 010144207,0.928970,0.929170,0
20140801 010145457,0.928950,0.929150,0
20140801 010146207,0.928960,0.929160,0
20140801 010146457,0.928970,0.929170,0
20140801 010150457,0.928960,0.929160,0
20140801 010150707,0.928970,0.929170,0
20140801 010153457,0.928980,0.929180,0
20140801 010200457,0.928970,0.929170,0
20140801 010200957,0.928980,0.929180,0
20140801 010226457,0.928990,0.929190,0
20140801 010226957,0.929030,0.929230,0
20140801 010229957,0.929040,0.929240,0
20140801 010230207,0.929050,0.929250,0
20140801 010231457,0.929060,0.929260,0
20140801 010231707,0.929070,0.929270,0
20140801 010231957,0.929060,0.929260,0
20140801 010232207,0.929050,0.929250,0
20140801 010235207,0.929030,0.929230,0
20140801 010251707,0.929040,0.929240,0
20140801 010251957,0.929030,0.929230,0
20140801 010257207,0.929050,0.929250,0
20140801 010303707,0.929060,0.929260,0
20140801 010303957,0.929020,0.929220,0
20140801 010304207,0.929000,0.929200,0
20140801 010304457,0.928970,0.929170,0
20140801 010304957,0.929000,0.929200,0
20140801 010306223,0.929010,0.929210,0
20140801 010308707,0.929000,0.929200,0
20140801 010308957,0.929010,0.929210,0
20140801 010309707,0.929020,0.929220,0
20140801 010311457,0.929030,0.929230,0
20140801 010315457,0.929020,0.929220,0
20140801 010319207,0.929040,0.929240,0
20140801 010319457,0.929060,0.929260,0
20140801 010320957,0.929020,0.929220,0
20140801 010321457,0.929060,0.929260,0
20140801 010322957,0.929050,0.929250,0
20140801 010323457,0.929060,0.929260,0
20140801 010323707,0.929070,0.929270,0
20140801 010324707,0.929040,0.929240,0
20140801 010324957,0.929030,0.929230,0
20140801 010327707,0.929040,0.929240,0
20140801 010328457,0.929030,0.929230,0
20140801 010332207,0.929040,0.929240,0
20140801 010332457,0.929060,0.929260,0
20140801 010343707,0.929070,0.929270,0
20140801 010344457,0.929100,0.929300,0
20140801 010345707,0.929110,0.929310,0
20140801 010349457,0.929100,0.929300,0
20140801 010418973,0.929120,0.929320,0
20140801 010419223,0.929160,0.929360,0
20140801 010419473,0.929190,0.929390,0
20140801 010442473,0.929180,0.929380,0
20140801 010444473,0.929190,0.929390,0
20140801 010513723,0.929180,0.929380,0
20140801 010514473,0.929190,0.929390,0
20140801 010602970,0.929160,0.929360,0
20140801 010605970,0.929150,0.929350,0
20140801 010606720,0.929140,0.929340,0
20140801 010606970,0.929130,0.929330,0
20140801 010607220,0.929090,0.929290,0
20140801 010608220,0.929080,0.929280,0
20140801 010618970,0.929070,0.929270,0
20140801 010619720,0.929080,0.929280,0
20140801 010620220,0.929090,0.929290,0
20140801 010621470,0.929080,0.929280,0
20140801 010623220,0.929090,0.929290,0
20140801 010632220,0.929080,0.929280,0
20140801 010632970,0.929090,0.929290,0
20140801 010633220,0.929080,0.929280,0
20140801 010645470,0.929090,0.929290,0
20140801 010645720,0.929080,0.929280,0
20140801 010647470,0.929090,0.929290,0
20140801 010647720,0.929080,0.929280,0
20140801 010648470,0.929120,0.929320,0
20140801 010648720,0.929130,0.929330,0
20140801 010648970,0.929120,0.929320,0
20140801 010649970,0.929110,0.929310,0
20140801 010650470,0.929120,0.929320,0
20140801 010652470,0.929110,0.929310,0
20140801 010652720,0.929120,0.929320,0
20140801 010700470,0.929100,0.929300,0
20140801 010700720,0.929090,0.929290,0
20140801 010730970,0.929110,0.929310,0
20140801 010731207,0.929130,0.929330,0
20140801 010732457,0.929140,0.929340,0
20140801 010732707,0.929150,0.929350,0
20140801 010733207,0.929160,0.929360,0
20140801 010733457,0.929170,0.929370,0
20140801 010743050,0.929160,0.929360,0
20140801 010743457,0.929150,0.929350,0
20140801 010748720,0.929140,0.929340,0
20140801 010755970,0.929130,0.929330,0
20140801 010757970,0.929140,0.929340,0
20140801 010800220,0.929130,0.929330,0
20140801 010800720,0.929140,0.929340,0
20140801 010800970,0.929130,0.929330,0
20140801 010808707,0.929140,0.929340,0
20140801 010808970,0.929130,0.929330,0
20140801 010810707,0.929140,0.929340,0
20140801 010810970,0.929130,0.929330,0
20140801 010814970,0.929150,0.929350,0
20140801 010815207,0.929160,0.929360,0
20140801 010817970,0.929170,0.929370,0
20140801 010830220,0.929160,0.929360,0
20140801 010848470,0.929170,0.929370,0
20140801 010848720,0.929160,0.929360,0
20140801 010849470,0.929170,0.929370,0
20140801 010850220,0.929160,0.929360,0
20140801 010851220,0.929170,0.929370,0
20140801 010851720,0.929160,0.929360,0
20140801 010852970,0.929170,0.929370,0
20140801 010853220,0.929160,0.929360,0
20140801 010853970,0.929170,0.929370,0
20140801 010854970,0.929160,0.929360,0
20140801 010900720,0.929170,0.929370,0
20140801 010901220,0.929160,0.929360,0
20140801 010901970,0.929190,0.929390,0
20140801 010957970,0.929170,0.929370,0
20140801 010958220,0.929160,0.929360,0
20140801 011002220,0.929180,0.929380,0
20140801 011002470,0.929190,0.929390,0
20140801 011056453,0.929170,0.929370,0
20140801 011056703,0.929160,0.929360,0
20140801 011102453,0.929170,0.929370,0
20140801 011105203,0.929160,0.929360,0
20140801 011105970,0.929170,0.929370,0
20140801 011106203,0.929160,0.929360,0
20140801 011107703,0.929170,0.929370,0
20140801 011108203,0.929160,0.929360,0
20140801 011112203,0.929170,0.929370,0
20140801 011112453,0.929160,0.929360,0
20140801 011117703,0.929170,0.929370,0
20140801 011130220,0.929160,0.929360,0
20140801 011130703,0.929170,0.929370,0
20140801 011213453,0.929160,0.929360,0
20140801 011213703,0.929170,0.929370,0
20140801 011217703,0.929190,0.929390,0
20140801 011217970,0.929200,0.929400,0
20140801 011218203,0.929230,0.929430,0
20140801 011218453,0.929210,0.929410,0
20140801 011218703,0.929240,0.929440,0
20140801 011218970,0.929200,0.929400,0
20140801 011219203,0.929210,0.929410,0
20140801 011223050,0.929240,0.929440,0
20140801 011223457,0.929230,0.929430,0
20140801 011224710,0.929190,0.929390,0
20140801 011224977,0.929170,0.929370,0
20140801 011225210,0.929200,0.929400,0
20140801 011225460,0.929190,0.929390,0
20140801 011238730,0.929180,0.929380,0
20140801 011241733,0.929160,0.929360,0
20140801 011327517,0.929180,0.929380,0
20140801 011327767,0.929200,0.929400,0
20140801 011328017,0.929190,0.929390,0
20140801 011334517,0.929230,0.929430,0
20140801 011345767,0.929170,0.929370,0
20140801 011346017,0.929160,0.929360,0
20140801 011400267,0.929180,0.929380,0
20140801 011412017,0.929170,0.929370,0
20140801 011412517,0.929160,0.929360,0
20140801 011412767,0.929170,0.929370,0
20140801 011413517,0.929160,0.929360,0
20140801 011415517,0.929150,0.929350,0
20140801 011416500,0.929170,0.929370,0
20140801 011435030,0.929200,0.929400,0
20140801 011435267,0.929190,0.929390,0
20140801 011500767,0.929200,0.929400,0
20140801 011501017,0.929190,0.929390,0
20140801 011501267,0.929200,0.929400,0
20140801 011501517,0.929190,0.929390,0
20140801 011502017,0.929170,0.929370,0
20140801 011502267,0.929190,0.929390,0
20140801 011502517,0.929200,0.929400,0
20140801 011502767,0.929190,0.929390,0
20140801 011510517,0.929180,0.929380,0
20140801 011516263,0.929170,0.929370,0
20140801 011517263,0.929180,0.929380,0
20140801 011517513,0.929170,0.929370,0
20140801 011517780,0.929180,0.929380,0
20140801 011518263,0.929170,0.929370,0
20140801 011518513,0.929180,0.929380,0
20140801 011519013,0.929170,0.929370,0
20140801 011519263,0.929180,0.929380,0
20140801 011519513,0.929170,0.929370,0
20140801 011521013,0.929160,0.929360,0
20140801 011521263,0.929150,0.929350,0
20140801 011521513,0.929130,0.929330,0
20140801 011521763,0.929140,0.929340,0
20140801 011522013,0.929130,0.929330,0
20140801 011523263,0.929140,0.929340,0
20140801 011523513,0.929110,0.929310,0
20140801 011523763,0.929140,0.929340,0
20140801 011524513,0.929110,0.929310,0
20140801 011524763,0.929090,0.929290,0
20140801 011529263,0.929070,0.929270,0
20140801 011529513,0.929060,0.929260,0
20140801 011529763,0.929070,0.929270,0
20140801 011532263,0.929090,0.929290,0
20140801 011641763,0.929080,0.929280,0
20140801 011655763,0.929100,0.929300,0
20140801 011656263,0.929130,0.929330,0
20140801 011656513,0.929120,0.929320,0
20140801 011657763,0.929110,0.929310,0
20140801 011658013,0.929120,0.929320,0
20140801 011658263,0.929160,0.929360,0
20140801 011658513,0.929170,0.929370,0
20140801 011658763,0.929190,0.929390,0
20140801 011705013,0.929170,0.929370,0
20140801 011712513,0.929160,0.929360,0
20140801 011721513,0.929130,0.929330,0
20140801 011722263,0.929120,0.929320,0
20140801 011734013,0.929060,0.929260,0
20140801 011734263,0.929090,0.929290,0
20140801 011734513,0.929110,0.929310,0
20140801 011735013,0.929130,0.929330,0
20140801 011735263,0.929140,0.929340,0
20140801 011735763,0.929120,0.929320,0
20140801 011736263,0.929130,0.929330,0
20140801 011736513,0.929150,0.929350,0
20140801 011737513,0.929140,0.929340,0
20140801 011737763,0.929090,0.929290,0
20140801 011745013,0.929070,0.929270,0
20140801 011745513,0.929080,0.929280,0
20140801 011746013,0.929090,0.929290,0
20140801 011828513,0.929130,0.929330,0
20140801 011841013,0.929100,0.929300,0
20140801 011841263,0.929090,0.929290,0
20140801 011844763,0.929130,0.929330,0
20140801 011845263,0.929120,0.929320,0
20140801 011845513,0.929130,0.929330,0
20140801 011849013,0.929120,0.929320,0
20140801 011849263,0.929130,0.929330,0
20140801 011849763,0.929120,0.929320,0
20140801 011851513,0.929090,0.929290,0
20140801 011851763,0.929070,0.929270,0
20140801 011853263,0.929090,0.929290,0
20140801 011853763,0.929120,0.929320,0
20140801 011854013,0.929130,0.929330,0
20140801 011854263,0.929120,0.929320,0
20140801 011856013,0.929130,0.929330,0
20140801 011856263,0.929160,0.929360,0
20140801 011856513,0.929150,0.929350,0
20140801 011856763,0.929160,0.929360,0
20140801 011902263,0.929180,0.929380,0
20140801 011904013,0.929160,0.929360,0
20140801 011907263,0.929170,0.929370,0
20140801 011911263,0.929160,0.929360,0
20140801 011911513,0.929150,0.929350,0
20140801 011912013,0.929140,0.929340,0
20140801 011912263,0.929130,0.929330,0
20140801 011914013,0.929100,0.929300,0
20140801 011914263,0.929090,0.929290,0
20140801 011921513,0.929130,0.929330,0
20140801 011921763,0.929140,0.929340,0
20140801 011922013,0.929150,0.929350,0
20140801 011922263,0.929140,0.929340,0
20140801 011923013,0.929150,0.929350,0
20140801 011937263,0.929140,0.929340,0
20140801 011937513,0.929130,0.929330,0
20140801 011950513,0.929120,0.929320,0
20140801 011951013,0.929070,0.929270,0
20140801 011951263,0.929130,0.929330,0
20140801 011951513,0.929090,0.929290,0
20140801 011952013,0.929070,0.929270,0
20140801 011952513,0.929060,0.929260,0
20140801 011954013,0.929070,0.929270,0
20140801 012014763,0.929060,0.929260,0
20140801 012017513,0.929080,0.929280,0
20140801 012018513,0.929070,0.929270,0
20140801 012018763,0.929060,0.929260,0
20140801 012027997,0.929050,0.929250,0
20140801 012028247,0.929040,0.929240,0
20140801 012029747,0.929030,0.929230,0
20140801 012029997,0.929040,0.929240,0
20140801 012030497,0.929030,0.929230,0
20140801 012031997,0.929040,0.929240,0
20140801 012032247,0.929030,0.929230,0
20140801 012034997,0.929040,0.929240,0
20140801 012035247,0.929030,0.929230,0
20140801 012039013,0.929040,0.929240,0
20140801 012039513,0.929030,0.929230,0
20140801 012042013,0.929040,0.929240,0
20140801 012042513,0.929030,0.929230,0
20140801 012044013,0.929040,0.929240,0
20140801 012044513,0.929030,0.929230,0
20140801 012045013,0.929040,0.929240,0
20140801 012046513,0.929030,0.929230,0
20140801 012050263,0.929040,0.929240,0
20140801 012050513,0.929030,0.929230,0
20140801 012051263,0.929040,0.929240,0
20140801 012055763,0.929030,0.929230,0
20140801 012056263,0.929040,0.929240,0
20140801 012056513,0.929030,0.929230,0
20140801 012100763,0.929040,0.929240,0
20140801 012102513,0.929030,0.929230,0
20140801 012105513,0.929040,0.929240,0
20140801 012105763,0.929030,0.929230,0
20140801 012108263,0.929040,0.929240,0
20140801 012108513,0.929030,0.929230,0
20140801 012110263,0.929040,0.929240,0
20140801 012110513,0.929030,0.929230,0
20140801 012112263,0.929040,0.929240,0
20140801 012112513,0.929030,0.929230,0
20140801 012119013,0.929040,0.929240,0
20140801 012119263,0.929050,0.929250,0
20140801 012119513,0.929040,0.929240,0
20140801 012123263,0.929060,0.929260,0
20140801 012123513,0.929050,0.929250,0
20140801 012124263,0.929060,0.929260,0
20140801 012124513,0.929050,0.929250,0
20140801 012128263,0.929060,0.929260,0
20140801 012128763,0.929050,0.929250,0
20140801 012129013,0.929060,0.929260,0
20140801 012152013,0.929070,0.929270,0
20140801 012158013,0.929060,0.929260,0
20140801 012237513,0.929050,0.929250,0
20140801 012255513,0.929040,0.929240,0
20140801 012256263,0.929050,0.929250,0
20140801 012332260,0.929060,0.929260,0
20140801 012338760,0.929050,0.929250,0
20140801 012403010,0.929060,0.929260,0
20140801 012412760,0.929050,0.929250,0
20140801 012414760,0.929060,0.929260,0
20140801 012419510,0.929050,0.929250,0
20140801 012420010,0.929040,0.929240,0
20140801 012424277,0.928990,0.929190,0
20140801 012424760,0.929040,0.929240,0
20140801 012425010,0.928980,0.929180,0
20140801 012425260,0.929030,0.929230,0
20140801 012427010,0.928990,0.929190,0
20140801 012427260,0.929030,0.929230,0
20140801 012427510,0.929020,0.929220,0
20140801 012427760,0.928990,0.929190,0
20140801 012428010,0.929030,0.929230,0
20140801 012448510,0.929020,0.929220,0
20140801 012451260,0.929040,0.929240,0
20140801 012452510,0.929050,0.929250,0
20140801 012452760,0.929040,0.929240,0
20140801 012454510,0.929030,0.929230,0
20140801 012544510,0.929020,0.929220,0
20140801 012544760,0.929030,0.929230,0
20140801 012546010,0.928980,0.929180,0
20140801 012547760,0.929000,0.929200,0
20140801 012548260,0.928990,0.929190,0
20140801 012548510,0.929000,0.929200,0
20140801 012548760,0.929030,0.929230,0
20140801 012549010,0.929040,0.929240,0
20140801 012600010,0.929030,0.929230,0
20140801 012603760,0.928990,0.929190,0
20140801 012614510,0.928980,0.929180,0
20140801 012648260,0.928960,0.929160,0
20140801 012648510,0.928940,0.929140,0
20140801 012648760,0.928950,0.929150,0
20140801 012649760,0.928970,0.929170,0
20140801 012652260,0.928950,0.929150,0
20140801 012652510,0.928940,0.929140,0
20140801 012652760,0.928950,0.929150,0
20140801 012653010,0.928940,0.929140,0
20140801 012654010,0.928950,0.929150,0
20140801 012700010,0.928970,0.929170,0
20140801 012700510,0.928950,0.929150,0
20140801 012700760,0.928940,0.929140,0
20140801 012701010,0.928950,0.929150,0
20140801 012702010,0.928970,0.929170,0
20140801 012702510,0.928950,0.929150,0
20140801 012702760,0.928940,0.929140,0
20140801 012703010,0.928920,0.929120,0
20140801 012703760,0.928930,0.929130,0
20140801 012704010,0.928920,0.929120,0
20140801 012707510,0.928930,0.929130,0
20140801 012708010,0.928940,0.929140,0
20140801 012719510,0.928950,0.929150,0
20140801 012732510,0.928960,0.929160,0
20140801 012739510,0.928990,0.929190,0
20140801 012739760,0.928950,0.929150,0
20140801 012740510,0.928960,0.929160,0
20140801 012748010,0.928950,0.929150,0
20140801 012748760,0.928960,0.929160,0
20140801 012749260,0.928950,0.929150,0
20140801 012749760,0.928960,0.929160,0
20140801 012750010,0.928950,0.929150,0
20140801 012750510,0.928960,0.929160,0
20140801 012759260,0.928950,0.929150,0
20140801 012759510,0.928960,0.929160,0
20140801 012759760,0.928950,0.929150,0
20140801 012825260,0.928960,0.929160,0
20140801 012854510,0.928950,0.929150,0
20140801 012855260,0.928960,0.929160,0
20140801 012907510,0.928970,0.929170,0
20140801 012914010,0.928960,0.929160,0
20140801 012914260,0.928950,0.929150,0
20140801 012915010,0.928960,0.929160,0
20140801 012917760,0.928950,0.929150,0
20140801 012918260,0.928960,0.929160,0
20140801 012921260,0.928950,0.929150,0
20140801 012921760,0.928960,0.929160,0
20140801 012926260,0.928950,0.929150,0
20140801 012931260,0.928960,0.929160,0
20140801 012932010,0.928950,0.929150,0
20140801 012933760,0.928960,0.929160,0
20140801 012934010,0.928950,0.929150,0
20140801 012934510,0.928960,0.929160,0
20140801 012934760,0.928950,0.929150,0
20140801 012936260,0.928960,0.929160,0
20140801 012936510,0.928950,0.929150,0
20140801 012938260,0.928960,0.929160,0
20140801 012939010,0.928950,0.929150,0
20140801 012942260,0.928960,0.929160,0
20140801 012942510,0.928950,0.929150,0
20140801 012943760,0.928940,0.929140,0
20140801 012944010,0.928950,0.929150,0
20140801 012945510,0.928940,0.929140,0
20140801 012945760,0.928930,0.929130,0
20140801 012947260,0.928920,0.929120,0
20140801 012948027,0.928930,0.929130,0
20140801 013009510,0.928940,0.929140,0
20140801 013011760,0.928930,0.929130,0
20140801 013012510,0.928940,0.929140,0
20140801 013019510,0.928930,0.929130,0
20140801 013019760,0.928880,0.929080,0
20140801 013020010,0.928910,0.929110,0
20140801 013026760,0.928900,0.929100,0
20140801 013027760,0.928910,0.929110,0
20140801 013029010,0.928870,0.929070,0
20140801 013029260,0.928910,0.929110,0
20140801 013029510,0.928870,0.929070,0
20140801 013029760,0.928860,0.929060,0
20140801 013049757,0.928850,0.929050,0
20140801 013052257,0.928860,0.929060,0
20140801 013101507,0.928830,0.929030,0
20140801 013124757,0.928820,0.929020,0
20140801 013150757,0.928830,0.929030,0
20140801 013151257,0.928820,0.929020,0
20140801 013156507,0.928830,0.929030,0
20140801 013157257,0.928820,0.929020,0
20140801 013208507,0.928830,0.929030,0
20140801 013213007,0.928820,0.929020,0
20140801 013213257,0.928810,0.929010,0
20140801 013213507,0.928820,0.929020,0
20140801 013219507,0.928810,0.929010,0
20140801 013220257,0.928820,0.929020,0
20140801 013220507,0.928810,0.929010,0
20140801 013221257,0.928820,0.929020,0
20140801 013221507,0.928830,0.929030,0
20140801 013222257,0.928820,0.929020,0
20140801 013224757,0.928810,0.929010,0
20140801 013228257,0.928820,0.929020,0
20140801 013228757,0.928810,0.929010,0
20140801 013229257,0.928820,0.929020,0
20140801 013234007,0.928810,0.929010,0
20140801 013235257,0.928820,0.929020,0
20140801 013237273,0.928830,0.929030,0
20140801 013240007,0.928820,0.929020,0
20140801 013241757,0.928830,0.929030,0
20140801 013242257,0.928820,0.929020,0
20140801 013252507,0.928830,0.929030,0
20140801 013255507,0.928820,0.929020,0
20140801 013255757,0.928830,0.929030,0
20140801 013256257,0.928820,0.929020,0
20140801 013256507,0.928830,0.929030,0
20140801 013256757,0.928820,0.929020,0
20140801 013300507,0.928780,0.928980,0
20140801 013300757,0.928830,0.929030,0
20140801 013301007,0.928820,0.929020,0
20140801 013301507,0.928810,0.929010,0
20140801 013302257,0.928820,0.929020,0
20140801 013302507,0.928830,0.929030,0
20140801 013320757,0.928780,0.928980,0
20140801 013321007,0.928830,0.929030,0
20140801 013321507,0.928820,0.929020,0
20140801 013324007,0.928830,0.929030,0
20140801 013327257,0.928820,0.929020,0
20140801 013329507,0.928830,0.929030,0
20140801 013329757,0.928840,0.929040,0
20140801 013333507,0.928830,0.929030,0
20140801 013354507,0.928840,0.929040,0
20140801 013411507,0.928830,0.929030,0
20140801 013533007,0.928840,0.929040,0
20140801 013534007,0.928830,0.929030,0
20140801 013534257,0.928840,0.929040,0
20140801 013535507,0.928880,0.929080,0
20140801 013558490,0.928890,0.929090,0
20140801 013600740,0.928930,0.929130,0
20140801 013601490,0.928950,0.929150,0
20140801 013604007,0.928940,0.929140,0
20140801 013604990,0.928890,0.929090,0
20140801 013639507,0.928920,0.929120,0
20140801 013642507,0.928930,0.929130,0
20140801 013648757,0.928900,0.929100,0
20140801 013650757,0.928890,0.929090,0
20140801 013706007,0.928900,0.929100,0
20140801 013708507,0.928890,0.929090,0
20140801 013718257,0.928900,0.929100,0
20140801 013719007,0.928890,0.929090,0
20140801 013731507,0.928930,0.929130,0
20140801 013733007,0.928900,0.929100,0
20140801 013733257,0.928890,0.929090,0
20140801 013733507,0.928930,0.929130,0
20140801 013733757,0.928940,0.929140,0
20140801 013735007,0.928900,0.929100,0
20140801 013735257,0.928940,0.929140,0
20140801 013741020,0.929030,0.929230,0
20140801 013741257,0.929050,0.929250,0
20140801 013752007,0.929030,0.929230,0
20140801 013752257,0.928990,0.929190,0
20140801 013752507,0.928980,0.929180,0
20140801 013752757,0.928970,0.929170,0
20140801 013753007,0.929030,0.929230,0
20140801 013753257,0.929040,0.929240,0
20140801 013753757,0.929010,0.929210,0
20140801 013757757,0.929000,0.929200,0
20140801 013758007,0.928990,0.929190,0
20140801 013758507,0.928980,0.929180,0
20140801 013800757,0.928990,0.929190,0
20140801 013802507,0.928980,0.929180,0
20140801 013802757,0.928990,0.929190,0
20140801 013808257,0.928980,0.929180,0
20140801 013810007,0.928990,0.929190,0
20140801 013815757,0.928980,0.929180,0
20140801 013837757,0.928960,0.929160,0
20140801 013838007,0.929030,0.929230,0
20140801 013838507,0.928980,0.929180,0
20140801 013846757,0.929020,0.929220,0
20140801 013847007,0.929030,0.929230,0
20140801 013913007,0.929040,0.929240,0
20140801 013913757,0.929030,0.929230,0
20140801 013914507,0.929040,0.929240,0
20140801 013922257,0.929030,0.929230,0
20140801 014002507,0.928990,0.929190,0
20140801 014002757,0.928980,0.929180,0
20140801 014008007,0.928970,0.929170,0
20140801 014008257,0.928930,0.929130,0
20140801 014008507,0.928980,0.929180,0
20140801 014008757,0.928990,0.929190,0
20140801 014009257,0.928980,0.929180,0
20140801 014013507,0.928990,0.929190,0
20140801 014014007,0.929000,0.929200,0
20140801 014014257,0.928990,0.929190,0
20140801 014015507,0.929000,0.929200,0
20140801 014017007,0.928990,0.929190,0
20140801 014017257,0.929000,0.929200,0
20140801 014018257,0.928990,0.929190,0
20140801 014018757,0.928980,0.929180,0
20140801 014019257,0.928990,0.929190,0
20140801 014022757,0.929050,0.929250,0
20140801 014023257,0.929060,0.929260,0
20140801 014024257,0.929070,0.929270,0
20140801 014026757,0.929060,0.929260,0
20140801 014030757,0.929050,0.929250,0
20140801 014031007,0.929060,0.929260,0
20140801 014031257,0.929050,0.929250,0
20140801 014032257,0.929040,0.929240,0
20140801 014053507,0.929030,0.929230,0
20140801 014059007,0.929050,0.929250,0
20140801 014059257,0.929060,0.929260,0
20140801 014101507,0.929040,0.929240,0
20140801 014102507,0.929030,0.929230,0
20140801 014102757,0.929020,0.929220,0
20140801 014103257,0.929030,0.929230,0
20140801 014103507,0.928990,0.929190,0
20140801 014111257,0.929020,0.929220,0
20140801 014111490,0.929040,0.929240,0
20140801 014111757,0.929060,0.929260,0
20140801 014113257,0.929050,0.929250,0
20140801 014124003,0.929040,0.929240,0
20140801 014150503,0.929050,0.929250,0
20140801 014150753,0.929040,0.929240,0
20140801 014158003,0.929050,0.929250,0
20140801 014158253,0.929060,0.929260,0
20140801 014159003,0.929050,0.929250,0
20140801 014215503,0.929060,0.929260,0
20140801 014218003,0.929050,0.929250,0
20140801 014222003,0.929040,0.929240,0
20140801 014224003,0.929030,0.929230,0
20140801 014224753,0.929000,0.929200,0
20140801 014225003,0.928990,0.929190,0
20140801 014225253,0.929000,0.929200,0
20140801 014231503,0.928990,0.929190,0
20140801 014253253,0.929000,0.929200,0
20140801 014254253,0.929010,0.929210,0
20140801 014254503,0.929020,0.929220,0
20140801 014254753,0.929050,0.929250,0
20140801 014255003,0.929060,0.929260,0
20140801 014303003,0.929030,0.929230,0
20140801 014303253,0.929000,0.929200,0
20140801 014303503,0.929020,0.929220,0
20140801 014310753,0.929030,0.929230,0
20140801 014311003,0.929050,0.929250,0
20140801 014311253,0.929060,0.929260,0
20140801 014322003,0.929050,0.929250,0
20140801 014322253,0.929060,0.929260,0
20140801 014323003,0.929050,0.929250,0
20140801 014323753,0.929060,0.929260,0
20140801 014341003,0.929050,0.929250,0
20140801 014341503,0.929000,0.929200,0
20140801 014341753,0.929030,0.929230,0
20140801 014342003,0.929020,0.929220,0
20140801 014342253,0.929030,0.929230,0
20140801 014343503,0.929040,0.929240,0
20140801 014344003,0.929030,0.929230,0
20140801 014344253,0.929040,0.929240,0
20140801 014344503,0.929030,0.929230,0
20140801 014344753,0.929010,0.929210,0
20140801 014347003,0.928980,0.929180,0
20140801 014347253,0.929000,0.929200,0
20140801 014347753,0.929010,0.929210,0
20140801 014351253,0.929000,0.929200,0
20140801 014354003,0.928980,0.929180,0
20140801 014354253,0.929000,0.929200,0
20140801 014400503,0.928990,0.929190,0
20140801 014402503,0.928980,0.929180,0
20140801 014407503,0.928990,0.929190,0
20140801 014451753,0.929000,0.929200,0
20140801 014452003,0.929010,0.929210,0
20140801 014452253,0.929020,0.929220,0
20140801 014452503,0.929040,0.929240,0
20140801 014452753,0.929050,0.929250,0
20140801 014453003,0.929040,0.929240,0
20140801 014454003,0.929030,0.929230,0
20140801 014454253,0.929040,0.929240,0
20140801 014502003,0.929050,0.929250,0
20140801 014502253,0.929060,0.929260,0
20140801 014504003,0.929050,0.929250,0
20140801 014504253,0.929060,0.929260,0
20140801 014506503,0.929050,0.929250,0
20140801 014507503,0.929040,0.929240,0
20140801 014510503,0.929050,0.929250,0
20140801 014511503,0.929040,0.929240,0
20140801 014512003,0.929050,0.929250,0
20140801 014512753,0.929040,0.929240,0
20140801 014513003,0.929030,0.929230,0
20140801 014513503,0.929040,0.929240,0
20140801 014513753,0.929030,0.929230,0
20140801 014522003,0.929040,0.929240,0
20140801 014522253,0.929070,0.929270,0
20140801 014525003,0.929060,0.929260,0
20140801 014525503,0.929050,0.929250,0
20140801 014526003,0.929040,0.929240,0
20140801 014526253,0.929010,0.929210,0
20140801 014535253,0.929040,0.929240,0
20140801 014535503,0.929050,0.929250,0
20140801 014536003,0.929070,0.929270,0
20140801 014536753,0.929060,0.929260,0
20140801 014537003,0.929050,0.929250,0
20140801 014537253,0.929060,0.929260,0
20140801 014547503,0.929050,0.929250,0
20140801 014547753,0.929010,0.929210,0
20140801 014548253,0.929030,0.929230,0
20140801 014548503,0.929040,0.929240,0
20140801 014548753,0.929050,0.929250,0
20140801 014549253,0.929060,0.929260,0
20140801 014549487,0.929050,0.929250,0
20140801 014549737,0.929030,0.929230,0
20140801 014550987,0.928990,0.929190,0
20140801 014551237,0.928980,0.929180,0
20140801 014551487,0.929010,0.929210,0
20140801 014551753,0.928980,0.929180,0
20140801 014551987,0.929020,0.929220,0
20140801 014552253,0.929010,0.929210,0
20140801 014552503,0.928980,0.929180,0
20140801 014552753,0.928990,0.929190,0
20140801 014553003,0.928980,0.929180,0
20140801 014553503,0.928990,0.929190,0
20140801 014553753,0.928980,0.929180,0
20140801 014554503,0.928970,0.929170,0
20140801 014557503,0.928980,0.929180,0
20140801 014559253,0.928970,0.929170,0
20140801 014603253,0.928940,0.929140,0
20140801 014603503,0.928930,0.929130,0
20140801 014604003,0.928890,0.929090,0
20140801 014604253,0.928880,0.929080,0
20140801 014604503,0.928870,0.929070,0
20140801 014607253,0.928890,0.929090,0
20140801 014625237,0.928900,0.929100,0
20140801 014625487,0.928920,0.929120,0
20140801 014625737,0.928960,0.929160,0
20140801 014626003,0.928970,0.929170,0
20140801 014626487,0.928960,0.929160,0
20140801 014626987,0.928970,0.929170,0
20140801 014652753,0.928990,0.929190,0
20140801 014653017,0.928970,0.929170,0
20140801 014653253,0.928960,0.929160,0
20140801 014653503,0.928970,0.929170,0
20140801 014700003,0.929000,0.929200,0
20140801 014700253,0.928990,0.929190,0
20140801 014715017,0.928970,0.929170,0
20140801 014718517,0.928990,0.929190,0
20140801 014718767,0.928970,0.929170,0
20140801 014720267,0.928990,0.929190,0
20140801 014728267,0.928970,0.929170,0
20140801 014729767,0.929000,0.929200,0
20140801 014730033,0.928990,0.929190,0
20140801 014749017,0.929000,0.929200,0
20140801 014749517,0.928990,0.929190,0
20140801 014751267,0.929000,0.929200,0
20140801 014753017,0.928990,0.929190,0
20140801 014758017,0.929000,0.929200,0
20140801 014759017,0.928990,0.929190,0
20140801 014825017,0.929000,0.929200,0
20140801 014826017,0.928990,0.929190,0
20140801 014827017,0.929000,0.929200,0
20140801 014834017,0.928990,0.929190,0
20140801 014835017,0.929000,0.929200,0
20140801 014840267,0.928990,0.929190,0
20140801 014859767,0.929000,0.929200,0
20140801 014900017,0.929020,0.929220,0
20140801 014900267,0.929080,0.929280,0
20140801 014900767,0.929100,0.929300,0
20140801 014901267,0.929090,0.929290,0
20140801 014902517,0.929100,0.929300,0
20140801 014902767,0.929150,0.929350,0
20140801 014903017,0.929160,0.929360,0
20140801 014903267,0.929150,0.929350,0
20140801 014903767,0.929120,0.929320,0
20140801 014904017,0.929110,0.929310,0
20140801 014904267,0.929100,0.929300,0
20140801 014908267,0.929090,0.929290,0
20140801 014925267,0.929070,0.929270,0
20140801 014926017,0.929060,0.929260,0
20140801 014928517,0.929070,0.929270,0
20140801 014929017,0.929090,0.929290,0
20140801 015003017,0.929100,0.929300,0
20140801 015003767,0.929090,0.929290,0
20140801 015013517,0.929100,0.929300,0
20140801 015014267,0.929090,0.929290,0
20140801 015015267,0.929100,0.929300,0
20140801 015015767,0.929090,0.929290,0
20140801 015024267,0.929100,0.929300,0
20140801 015025017,0.929090,0.929290,0
20140801 015025267,0.929100,0.929300,0
20140801 015026517,0.929090,0.929290,0
20140801 015026767,0.929100,0.929300,0
20140801 015027267,0.929090,0.929290,0
20140801 015029267,0.929100,0.929300,0
20140801 015029517,0.929090,0.929290,0
20140801 015030767,0.929100,0.929300,0
20140801 015033767,0.929090,0.929290,0
20140801 015035767,0.929080,0.929280,0
20140801 015046017,0.929070,0.929270,0
20140801 015046267,0.929050,0.929250,0
20140801 015046517,0.929070,0.929270,0
20140801 015047517,0.929080,0.929280,0
20140801 015048267,0.929070,0.929270,0
20140801 015052517,0.929080,0.929280,0
20140801 015103017,0.929090,0.929290,0
20140801 015104767,0.929080,0.929280,0
20140801 015105017,0.929090,0.929290,0
20140801 015107017,0.929080,0.929280,0
20140801 015107767,0.929090,0.929290,0
20140801 015127000,0.929070,0.929270,0
20140801 015127250,0.929060,0.929260,0
20140801 015127500,0.929070,0.929270,0
20140801 015127767,0.929060,0.929260,0
20140801 015128250,0.929070,0.929270,0
20140801 015133000,0.929080,0.929280,0
20140801 015143000,0.929090,0.929290,0
20140801 015143250,0.929120,0.929320,0
20140801 015143500,0.929090,0.929290,0
20140801 015147500,0.929120,0.929320,0
20140801 015147750,0.929090,0.929290,0
20140801 015201500,0.929080,0.929280,0
20140801 015205017,0.928990,0.929190,0
20140801 015205267,0.928970,0.929170,0
20140801 015210267,0.928960,0.929160,0
20140801 015210517,0.928930,0.929130,0
20140801 015210767,0.928910,0.929110,0
20140801 015211267,0.928920,0.929120,0
20140801 015211517,0.928950,0.929150,0
20140801 015212017,0.928970,0.929170,0
20140801 015212267,0.928960,0.929160,0
20140801 015212767,0.928970,0.929170,0
20140801 015215283,0.928950,0.929150,0
20140801 015215517,0.928930,0.929130,0
20140801 015216017,0.928890,0.929090,0
20140801 015216517,0.928900,0.929100,0
20140801 015219017,0.928890,0.929090,0
20140801 015219267,0.928900,0.929100,0
20140801 015235017,0.928880,0.929080,0
20140801 015235267,0.928890,0.929090,0
20140801 015237767,0.928870,0.929070,0
20140801 015239517,0.928900,0.929100,0
20140801 015239767,0.928870,0.929070,0
20140801 015240017,0.928900,0.929100,0
20140801 015241767,0.928880,0.929080,0
20140801 015242017,0.928870,0.929070,0
20140801 015247517,0.928930,0.929130,0
20140801 015248017,0.928920,0.929120,0
20140801 015250267,0.928930,0.929130,0
20140801 015254767,0.928920,0.929120,0
20140801 015259017,0.928930,0.929130,0
20140801 015301017,0.928950,0.929150,0
20140801 015301267,0.928960,0.929160,0
20140801 015301517,0.928970,0.929170,0
20140801 015329030,0.929030,0.929230,0
20140801 015329280,0.928970,0.929170,0
20140801 015338780,0.928990,0.929190,0
20140801 015349530,0.929010,0.929210,0
20140801 015349780,0.929020,0.929220,0
20140801 015350030,0.929000,0.929200,0
20140801 015350280,0.928990,0.929190,0
20140801 015406030,0.929010,0.929210,0
20140801 015406280,0.929030,0.929230,0
20140801 015514780,0.929050,0.929250,0
20140801 015515030,0.929070,0.929270,0
20140801 015515280,0.929080,0.929280,0
20140801 015515530,0.929090,0.929290,0
20140801 015529530,0.929070,0.929270,0
20140801 015529780,0.929050,0.929250,0
20140801 015530030,0.929040,0.929240,0
20140801 015530280,0.929050,0.929250,0
20140801 015533280,0.929080,0.929280,0
20140801 015533530,0.929090,0.929290,0
20140801 015541280,0.929070,0.929270,0
20140801 015542530,0.929080,0.929280,0
20140801 015542780,0.929090,0.929290,0
20140801 015543530,0.929100,0.929300,0
20140801 015544530,0.929090,0.929290,0
20140801 015544780,0.929070,0.929270,0
20140801 015547530,0.929080,0.929280,0
20140801 015547780,0.929100,0.929300,0
20140801 015551780,0.929110,0.929310,0
20140801 015557530,0.929130,0.929330,0
20140801 015558030,0.929140,0.929340,0
20140801 015558280,0.929130,0.929330,0
20140801 015613280,0.929140,0.929340,0
20140801 015616780,0.929130,0.929330,0
20140801 015617530,0.929140,0.929340,0
20140801 015618280,0.929130,0.929330,0
20140801 015618530,0.929140,0.929340,0
20140801 015620780,0.929150,0.929350,0
20140801 015622530,0.929140,0.929340,0
20140801 015622780,0.929150,0.929350,0
20140801 015623530,0.929140,0.929340,0
20140801 015626030,0.929150,0.929350,0
20140801 015626530,0.929140,0.929340,0
20140801 015627530,0.929150,0.929350,0
20140801 015634530,0.929140,0.929340,0
20140801 015634780,0.929150,0.929350,0
20140801 015635280,0.929140,0.929340,0
20140801 015640780,0.929130,0.929330,0
20140801 015641030,0.929150,0.929350,0
20140801 015641280,0.929140,0.929340,0
20140801 015641530,0.929130,0.929330,0
20140801 015644013,0.929140,0.929340,0
20140801 015644530,0.929150,0.929350,0
20140801 015647030,0.929140,0.929340,0
20140801 015734530,0.929170,0.929370,0
20140801 015735030,0.929190,0.929390,0
20140801 015735280,0.929200,0.929400,0
20140801 015735530,0.929210,0.929410,0
20140801 015738030,0.929200,0.929400,0
20140801 015740030,0.929180,0.929380,0
20140801 015740530,0.929190,0.929390,0
20140801 015740780,0.929210,0.929410,0
20140801 015741030,0.929200,0.929400,0
20140801 015742780,0.929180,0.929380,0
20140801 015749280,0.929190,0.929390,0
20140801 015749780,0.929210,0.929410,0
20140801 015751030,0.929200,0.929400,0
20140801 015752530,0.929190,0.929390,0
20140801 015755780,0.929180,0.929380,0
20140801 015756030,0.929170,0.929370,0
20140801 015757280,0.929190,0.929390,0
20140801 015758030,0.929170,0.929370,0
20140801 015759280,0.929180,0.929380,0
20140801 015759530,0.929190,0.929390,0
20140801 015759780,0.929150,0.929350,0
20140801 015800013,0.929160,0.929360,0
20140801 015800280,0.929170,0.929370,0
20140801 015801030,0.929180,0.929380,0
20140801 015801280,0.929200,0.929400,0
20140801 015801780,0.929190,0.929390,0
20140801 015802280,0.929170,0.929370,0
20140801 015804030,0.929190,0.929390,0
20140801 015807030,0.929170,0.929370,0
20140801 015808530,0.929190,0.929390,0
20140801 015809763,0.929200,0.929400,0
20140801 015817013,0.929190,0.929390,0
20140801 015829013,0.929200,0.929400,0
20140801 015831013,0.929190,0.929390,0
20140801 015831513,0.929200,0.929400,0
20140801 015834013,0.929190,0.929390,0
20140801 015837013,0.929200,0.929400,0
20140801 015838030,0.929190,0.929390,0
20140801 015838263,0.929200,0.929400,0
20140801 015841013,0.929220,0.929420,0
20140801 015841263,0.929240,0.929440,0
20140801 015841513,0.929220,0.929420,0
20140801 015842263,0.929200,0.929400,0
20140801 015843030,0.929210,0.929410,0
20140801 015843263,0.929200,0.929400,0
20140801 015843513,0.929210,0.929410,0
20140801 015843763,0.929200,0.929400,0
20140801 015853763,0.929210,0.929410,0
20140801 015854263,0.929200,0.929400,0
20140801 015854763,0.929210,0.929410,0
20140801 015855013,0.929200,0.929400,0
20140801 015855263,0.929220,0.929420,0
20140801 015859513,0.929240,0.929440,0
20140801 015859780,0.929230,0.929430,0
20140801 015900263,0.929220,0.929420,0
20140801 015900763,0.929210,0.929410,0
20140801 015901263,0.929190,0.929390,0
20140801 015901513,0.929210,0.929410,0
20140801 015906280,0.929220,0.929420,0
20140801 015906763,0.929210,0.929410,0
20140801 015908513,0.929220,0.929420,0
20140801 015908763,0.929230,0.929430,0
20140801 015909513,0.929220,0.929420,0
20140801 015913030,0.929250,0.929450,0
20140801 015913263,0.929220,0.929420,0
20140801 015913763,0.929210,0.929410,0
20140801 015915013,0.929220,0.929420,0
20140801 015916013,0.929210,0.929410,0
20140801 015916263,0.929230,0.929430,0
20140801 015916513,0.929260,0.929460,0
20140801 015916763,0.929270,0.929470,0
20140801 015920263,0.929260,0.929460,0
20140801 015920763,0.929250,0.929450,0
20140801 015922013,0.929260,0.929460,0
20140801 015922263,0.929250,0.929450,0
20140801 015929263,0.929260,0.929460,0
20140801 015929513,0.929270,0.929470,0
20140801 015934780,0.929280,0.929480,0
20140801 015935013,0.929270,0.929470,0
20140801 015935263,0.929280,0.929480,0
20140801 015935513,0.929270,0.929470,0
20140801 015935763,0.929280,0.929480,0
20140801 015936013,0.929270,0.929470,0
20140801 015936513,0.929280,0.929480,0
20140801 015937013,0.929270,0.929470,0
20140801 015959513,0.929330,0.929530,0
20140801 015959763,0.929280,0.929480,0
20140801 020000013,0.929270,0.929470,0
20140801 020000293,0.929310,0.929510,0
20140801 020000530,0.929300,0.929500,0
20140801 020020763,0.929310,0.929510,0
20140801 020021043,0.929330,0.929530,0
20140801 020021263,0.929310,0.929510,0
20140801 020022777,0.929270,0.929470,0
20140801 020024263,0.929280,0.929480,0
20140801 020024513,0.929310,0.929510,0
20140801 020025013,0.929330,0.929530,0
20140801 020025263,0.929310,0.929510,0
20140801 020025513,0.929300,0.929500,0
20140801 020026263,0.929290,0.929490,0
20140801 020026763,0.929320,0.929520,0
20140801 020027027,0.929300,0.929500,0
20140801 020029263,0.929340,0.929540,0
20140801 020029513,0.929350,0.929550,0
20140801 020031263,0.929340,0.929540,0
20140801 020031513,0.929320,0.929520,0
20140801 020031763,0.929280,0.929480,0
20140801 020032013,0.929270,0.929470,0
20140801 020033027,0.929280,0.929480,0
20140801 020033263,0.929310,0.929510,0
20140801 020033513,0.929270,0.929470,0
20140801 020033763,0.929260,0.929460,0
20140801 020034263,0.929270,0.929470,0
20140801 020035263,0.929260,0.929460,0
20140801 020035513,0.929250,0.929450,0
20140801 020035763,0.929230,0.929430,0
20140801 020042013,0.929200,0.929400,0
20140801 020042263,0.929210,0.929410,0
20140801 020044263,0.929220,0.929420,0
20140801 020045027,0.929210,0.929410,0
20140801 020045527,0.929220,0.929420,0
20140801 020053527,0.929210,0.929410,0
20140801 020053777,0.929220,0.929420,0
20140801 020054027,0.929210,0.929410,0
20140801 020054277,0.929220,0.929420,0
20140801 020054527,0.929210,0.929410,0
20140801 020055277,0.929200,0.929400,0
20140801 020055527,0.929210,0.929410,0
20140801 020055777,0.929200,0.929400,0
20140801 020056027,0.929210,0.929410,0
20140801 020100527,0.929230,0.929430,0
20140801 020101777,0.929200,0.929400,0
20140801 020102277,0.929210,0.929410,0
20140801 020102527,0.929220,0.929420,0
20140801 020103527,0.929230,0.929430,0
20140801 020103777,0.929220,0.929420,0
20140801 020104027,0.929200,0.929400,0
20140801 020104277,0.929230,0.929430,0
20140801 020104527,0.929220,0.929420,0
20140801 020105777,0.929200,0.929400,0
20140801 020106277,0.929220,0.929420,0
20140801 020107277,0.929230,0.929430,0
20140801 020107527,0.929210,0.929410,0
20140801 020107777,0.929200,0.929400,0
20140801 020110277,0.929210,0.929410,0
20140801 020110527,0.929220,0.929420,0
20140801 020111527,0.929210,0.929410,0
20140801 020111777,0.929200,0.929400,0
20140801 020120777,0.929220,0.929420,0
20140801 020122027,0.929230,0.929430,0
20140801 020122277,0.929210,0.929410,0
20140801 020127027,0.929220,0.929420,0
20140801 020201527,0.929210,0.929410,0
20140801 020201777,0.929250,0.929450,0
20140801 020202527,0.929240,0.929440,0
20140801 020203527,0.929250,0.929450,0
20140801 020206027,0.929240,0.929440,0
20140801 020206527,0.929250,0.929450,0
20140801 020211527,0.929240,0.929440,0
20140801 020211793,0.929230,0.929430,0
20140801 020213277,0.929220,0.929420,0
20140801 020214027,0.929190,0.929390,0
20140801 020214293,0.929140,0.929340,0
20140801 020214527,0.929120,0.929320,0
20140801 020214777,0.929130,0.929330,0
20140801 020215027,0.929150,0.929350,0
20140801 020215527,0.929120,0.929320,0
20140801 020215777,0.929110,0.929310,0
20140801 020221277,0.929120,0.929320,0
20140801 020223527,0.929130,0.929330,0
20140801 020224027,0.929140,0.929340,0
20140801 020224277,0.929150,0.929350,0
20140801 020230527,0.929160,0.929360,0
20140801 020231527,0.929150,0.929350,0
20140801 020232027,0.929160,0.929360,0
20140801 020238527,0.929190,0.929390,0
20140801 020238777,0.929160,0.929360,0
20140801 020246277,0.929190,0.929390,0
20140801 020246777,0.929200,0.929400,0
20140801 020315027,0.929210,0.929410,0
20140801 020315277,0.929220,0.929420,0
20140801 020315527,0.929230,0.929430,0
20140801 020316527,0.929210,0.929410,0
20140801 020317277,0.929200,0.929400,0
20140801 020320027,0.929210,0.929410,0
20140801 020322777,0.929220,0.929420,0
20140801 020323027,0.929240,0.929440,0
20140801 020323277,0.929250,0.929450,0
20140801 020323527,0.929260,0.929460,0
20140801 020331527,0.929250,0.929450,0
20140801 020332527,0.929260,0.929460,0
20140801 020333027,0.929250,0.929450,0
20140801 020333277,0.929240,0.929440,0
20140801 020333527,0.929220,0.929420,0
20140801 020333777,0.929250,0.929450,0
20140801 020334027,0.929260,0.929460,0
20140801 020334263,0.929250,0.929450,0
20140801 020334527,0.929260,0.929460,0
20140801 020335277,0.929230,0.929430,0
20140801 020335527,0.929270,0.929470,0
20140801 020337277,0.929260,0.929460,0
20140801 020338027,0.929270,0.929470,0
20140801 020338277,0.929260,0.929460,0
20140801 020342777,0.929250,0.929450,0
20140801 020344027,0.929260,0.929460,0
20140801 020344277,0.929240,0.929440,0
20140801 020344527,0.929210,0.929410,0
20140801 020407027,0.929220,0.929420,0
20140801 020407277,0.929210,0.929410,0
20140801 020408777,0.929230,0.929430,0
20140801 020409043,0.929240,0.929440,0
20140801 020409277,0.929250,0.929450,0
20140801 020410777,0.929220,0.929420,0
20140801 020411027,0.929230,0.929430,0
20140801 020411777,0.929220,0.929420,0
20140801 020412027,0.929230,0.929430,0
20140801 020412277,0.929270,0.929470,0
20140801 020412527,0.929300,0.929500,0
20140801 020412777,0.929310,0.929510,0
20140801 020413043,0.929360,0.929560,0
20140801 020415777,0.929370,0.929570,0
20140801 020417527,0.929360,0.929560,0
20140801 020419777,0.929370,0.929570,0
20140801 020420027,0.929360,0.929560,0
20140801 020424527,0.929320,0.929520,0
20140801 020424777,0.929270,0.929470,0
20140801 020425027,0.929250,0.929450,0
20140801 020425527,0.929260,0.929460,0
20140801 020428027,0.929270,0.929470,0
20140801 020432027,0.929260,0.929460,0
20140801 020433027,0.929280,0.929480,0
20140801 020438027,0.929290,0.929490,0
20140801 020504277,0.929280,0.929480,0
20140801 020504527,0.929250,0.929450,0
20140801 020504777,0.929260,0.929460,0
20140801 020506277,0.929280,0.929480,0
20140801 020506527,0.929250,0.929450,0
20140801 020506777,0.929230,0.929430,0
20140801 020507027,0.929190,0.929390,0
20140801 020508027,0.929180,0.929380,0
20140801 020508527,0.929190,0.929390,0
20140801 020510027,0.929170,0.929370,0
20140801 020530527,0.929180,0.929380,0
20140801 020531027,0.929170,0.929370,0
20140801 020536777,0.929180,0.929380,0
20140801 020542777,0.929170,0.929370,0
20140801 020552277,0.929180,0.929380,0
20140801 020552527,0.929170,0.929370,0
20140801 020555277,0.929160,0.929360,0
20140801 020556027,0.929170,0.929370,0
20140801 020556527,0.929160,0.929360,0
20140801 020557027,0.929170,0.929370,0
20140801 020557277,0.929160,0.929360,0
20140801 020558027,0.929170,0.929370,0
20140801 020558277,0.929160,0.929360,0
20140801 020622027,0.929170,0.929370,0
20140801 020622543,0.929220,0.929420,0
20140801 020622777,0.929230,0.929430,0
20140801 020623277,0.929220,0.929420,0
20140801 020623527,0.929240,0.929440,0
20140801 020623777,0.929230,0.929430,0
20140801 020624010,0.929240,0.929440,0
20140801 020630777,0.929220,0.929420,0
20140801 020631027,0.929190,0.929390,0
20140801 020631277,0.929180,0.929380,0
20140801 020631527,0.929160,0.929360,0
20140801 020633027,0.929170,0.929370,0
20140801 020633277,0.929160,0.929360,0
20140801 020634777,0.929170,0.929370,0
20140801 020635027,0.929110,0.929310,0
20140801 020635277,0.929080,0.929280,0
20140801 020635777,0.929070,0.929270,0
20140801 020636027,0.929040,0.929240,0
20140801 020636277,0.929030,0.929230,0
20140801 020643527,0.929040,0.929240,0
20140801 020644043,0.929060,0.929260,0
20140801 020645293,0.929090,0.929290,0
20140801 020645527,0.929060,0.929260,0
20140801 020655260,0.929050,0.929250,0
20140801 020655510,0.929040,0.929240,0
20140801 020659260,0.928970,0.929170,0
20140801 020659510,0.928960,0.929160,0
20140801 020659760,0.928990,0.929190,0
20140801 020710527,0.929000,0.929200,0
20140801 020710777,0.929010,0.929210,0
20140801 020711010,0.928990,0.929190,0
20140801 020719260,0.928960,0.929160,0
20140801 020719760,0.928950,0.929150,0
20140801 020721777,0.928960,0.929160,0
20140801 020723027,0.928980,0.929180,0
20140801 020723277,0.928970,0.929170,0
20140801 020723527,0.928990,0.929190,0
20140801 020727777,0.929000,0.929200,0
20140801 020730527,0.929040,0.929240,0
20140801 020732260,0.929050,0.929250,0
20140801 020733277,0.929040,0.929240,0
20140801 020733527,0.929050,0.929250,0
20140801 020753277,0.929030,0.929230,0
20140801 020753527,0.929020,0.929220,0
20140801 020753777,0.929000,0.929200,0
20140801 020801027,0.928990,0.929190,0
20140801 020801277,0.928980,0.929180,0
20140801 020801527,0.928970,0.929170,0
20140801 020803277,0.928960,0.929160,0
20140801 020804790,0.928970,0.929170,0
20140801 020805027,0.928960,0.929160,0
20140801 020809027,0.928970,0.929170,0
20140801 020820527,0.928980,0.929180,0
20140801 020828777,0.928970,0.929170,0
20140801 020829027,0.928980,0.929180,0
20140801 020830277,0.928970,0.929170,0
20140801 020835777,0.928980,0.929180,0
20140801 020839027,0.928970,0.929170,0
20140801 020843277,0.928960,0.929160,0
20140801 020847277,0.928970,0.929170,0
20140801 020847527,0.928960,0.929160,0
20140801 020855527,0.928970,0.929170,0
20140801 020856027,0.928980,0.929180,0
20140801 020856277,0.928970,0.929170,0
20140801 020916260,0.928980,0.929180,0
20140801 020916760,0.928970,0.929170,0
20140801 020943777,0.928980,0.929180,0
20140801 020944027,0.928970,0.929170,0
20140801 020948027,0.928980,0.929180,0
20140801 021000027,0.928970,0.929170,0
20140801 021000277,0.928990,0.929190,0
20140801 021006277,0.928980,0.929180,0
20140801 021007027,0.928990,0.929190,0
20140801 021007277,0.928970,0.929170,0
20140801 021007527,0.928960,0.929160,0
20140801 021012760,0.928950,0.929150,0
20140801 021015260,0.928960,0.929160,0
20140801 021016510,0.928950,0.929150,0
20140801 021017510,0.928960,0.929160,0
20140801 021018027,0.928940,0.929140,0
20140801 021018260,0.928950,0.929150,0
20140801 021019260,0.928960,0.929160,0
20140801 021020760,0.928950,0.929150,0
20140801 021028510,0.928960,0.929160,0
20140801 021031760,0.928970,0.929170,0
20140801 021040773,0.928960,0.929160,0
20140801 021047273,0.928940,0.929140,0
20140801 021047523,0.928920,0.929120,0
20140801 021048023,0.928930,0.929130,0
20140801 021048273,0.928920,0.929120,0
20140801 021050773,0.928910,0.929110,0
20140801 021051023,0.928920,0.929120,0
20140801 021051273,0.928890,0.929090,0
20140801 021051523,0.928930,0.929130,0
20140801 021051773,0.928890,0.929090,0
20140801 021101773,0.928930,0.929130,0
20140801 021102023,0.928890,0.929090,0
20140801 021108773,0.928900,0.929100,0
20140801 021133523,0.928930,0.929130,0
20140801 021133757,0.928960,0.929160,0
20140801 021136023,0.928970,0.929170,0
20140801 021138023,0.928960,0.929160,0
20140801 021148023,0.928970,0.929170,0
20140801 021148523,0.928990,0.929190,0
20140801 021153057,0.929000,0.929200,0
20140801 021158023,0.929010,0.929210,0
20140801 021158290,0.929060,0.929260,0
20140801 021158523,0.929070,0.929270,0
20140801 021158773,0.929100,0.929300,0
20140801 021159773,0.929090,0.929290,0
20140801 021233757,0.929080,0.929280,0
20140801 021243257,0.929090,0.929290,0
20140801 021247507,0.929150,0.929350,0
20140801 021247757,0.929160,0.929360,0
20140801 021248023,0.929180,0.929380,0
20140801 021252007,0.929170,0.929370,0
20140801 021252257,0.929160,0.929360,0
20140801 021253507,0.929180,0.929380,0
20140801 021254757,0.929170,0.929370,0
20140801 021255007,0.929160,0.929360,0
20140801 021256257,0.929180,0.929380,0
20140801 021256507,0.929170,0.929370,0
20140801 021258023,0.929180,0.929380,0
20140801 021258273,0.929170,0.929370,0
20140801 021300007,0.929180,0.929380,0
20140801 021302523,0.929170,0.929370,0
20140801 021304023,0.929180,0.929380,0
20140801 021309757,0.929160,0.929360,0
20140801 021310023,0.929140,0.929340,0
20140801 021310273,0.929120,0.929320,0
20140801 021310507,0.929080,0.929280,0
20140801 021310757,0.929120,0.929320,0
20140801 021311257,0.929100,0.929300,0
20140801 021314540,0.929090,0.929290,0
20140801 021316773,0.929100,0.929300,0
20140801 021317507,0.929110,0.929310,0
20140801 021317757,0.929130,0.929330,0
20140801 021318023,0.929160,0.929360,0
20140801 021319007,0.929170,0.929370,0
20140801 021320007,0.929180,0.929380,0
20140801 021320257,0.929230,0.929430,0
20140801 021330257,0.929220,0.929420,0
20140801 021330507,0.929190,0.929390,0
20140801 021342273,0.929180,0.929380,0
20140801 021343257,0.929190,0.929390,0
20140801 021352007,0.929200,0.929400,0
20140801 021353507,0.929190,0.929390,0
20140801 021411523,0.929180,0.929380,0
20140801 021416523,0.929190,0.929390,0
20140801 021432023,0.929180,0.929380,0
20140801 021433523,0.929190,0.929390,0
20140801 021433757,0.929180,0.929380,0
20140801 021434023,0.929170,0.929370,0
20140801 021434273,0.929160,0.929360,0
20140801 021435523,0.929170,0.929370,0
20140801 021435773,0.929190,0.929390,0
20140801 021458773,0.929180,0.929380,0
20140801 021459273,0.929160,0.929360,0
20140801 021459773,0.929170,0.929370,0
20140801 021501273,0.929160,0.929360,0
20140801 021502773,0.929170,0.929370,0
20140801 021533773,0.929180,0.929380,0
20140801 021534023,0.929170,0.929370,0
20140801 021534523,0.929180,0.929380,0
20140801 021542023,0.929170,0.929370,0
20140801 021542273,0.929180,0.929380,0
20140801 021549773,0.929170,0.929370,0
20140801 021553523,0.929180,0.929380,0
20140801 021554773,0.929170,0.929370,0
20140801 021555523,0.929190,0.929390,0
20140801 021555773,0.929220,0.929420,0
20140801 021556023,0.929230,0.929430,0
20140801 021556273,0.929190,0.929390,0
20140801 021626023,0.929170,0.929370,0
20140801 021627523,0.929190,0.929390,0
20140801 021702273,0.929180,0.929380,0
20140801 021713273,0.929170,0.929370,0
20140801 021713773,0.929160,0.929360,0
20140801 021714523,0.929170,0.929370,0
20140801 021715273,0.929160,0.929360,0
20140801 021720007,0.929170,0.929370,0
20140801 021726507,0.929160,0.929360,0
20140801 021726757,0.929170,0.929370,0
20140801 021736273,0.929200,0.929400,0
20140801 021739287,0.929170,0.929370,0
20140801 021739537,0.929130,0.929330,0
20140801 021740007,0.929110,0.929310,0
20140801 021741273,0.929100,0.929300,0
20140801 021743273,0.929110,0.929310,0
20140801 021744273,0.929120,0.929320,0
20140801 021744523,0.929130,0.929330,0
20140801 021744773,0.929120,0.929320,0
20140801 021745023,0.929130,0.929330,0
20140801 021745287,0.929160,0.929360,0
20140801 021745537,0.929170,0.929370,0
20140801 021745787,0.929190,0.929390,0
20140801 021746023,0.929200,0.929400,0
20140801 021747523,0.929210,0.929410,0
20140801 021747773,0.929200,0.929400,0
20140801 021748023,0.929210,0.929410,0
20140801 021748523,0.929200,0.929400,0
20140801 021759787,0.929170,0.929370,0
20140801 021800037,0.929140,0.929340,0
20140801 021800287,0.929110,0.929310,0
20140801 021801773,0.929130,0.929330,0
20140801 021802023,0.929140,0.929340,0
20140801 021805287,0.929130,0.929330,0
20140801 021813273,0.929100,0.929300,0
20140801 021813523,0.929110,0.929310,0
20140801 021816273,0.929100,0.929300,0
20140801 021817757,0.929130,0.929330,0
20140801 021818067,0.929140,0.929340,0
20140801 021818257,0.929130,0.929330,0
20140801 021818523,0.929120,0.929320,0
20140801 021839270,0.929150,0.929350,0
20140801 021839507,0.929170,0.929370,0
20140801 021840007,0.929200,0.929400,0
20140801 021843757,0.929190,0.929390,0
20140801 021844757,0.929170,0.929370,0
20140801 021846257,0.929190,0.929390,0
20140801 021853067,0.929180,0.929380,0
20140801 021853100,0.929170,0.929370,0
20140801 021853770,0.929160,0.929360,0
20140801 021854007,0.929170,0.929370,0
20140801 021854757,0.929190,0.929390,0
20140801 021901257,0.929170,0.929370,0
20140801 021902757,0.929190,0.929390,0
20140801 021909257,0.929170,0.929370,0
20140801 021909757,0.929140,0.929340,0
20140801 021910007,0.929120,0.929320,0
20140801 021910257,0.929110,0.929310,0
20140801 021910757,0.929100,0.929300,0
20140801 021912507,0.929120,0.929320,0
20140801 021912757,0.929130,0.929330,0
20140801 021916520,0.929160,0.929360,0
20140801 021916787,0.929240,0.929440,0
20140801 021917020,0.929230,0.929430,0
20140801 021919270,0.929220,0.929420,0
20140801 021919520,0.929200,0.929400,0
20140801 021923520,0.929230,0.929430,0
20140801 021923770,0.929220,0.929420,0
20140801 021931520,0.929230,0.929430,0
20140801 021933270,0.929210,0.929410,0
20140801 021933520,0.929230,0.929430,0
20140801 021934020,0.929250,0.929450,0
20140801 021934770,0.929260,0.929460,0
20140801 021935270,0.929250,0.929450,0
20140801 021935520,0.929270,0.929470,0
20140801 021936287,0.929330,0.929530,0
20140801 021937270,0.929300,0.929500,0
20140801 021943270,0.929330,0.929530,0
20140801 022000507,0.929300,0.929500,0
20140801 022000757,0.929290,0.929490,0
20140801 022003067,0.929300,0.929500,0
20140801 022003117,0.929310,0.929510,0
20140801 022003257,0.929330,0.929530,0
20140801 022006770,0.929320,0.929520,0
20140801 022007270,0.929300,0.929500,0
20140801 022007770,0.929290,0.929490,0
20140801 022008020,0.929300,0.929500,0
20140801 022009257,0.929320,0.929520,0
20140801 022009770,0.929290,0.929490,0
20140801 022011020,0.929330,0.929530,0
20140801 022011270,0.929320,0.929520,0
20140801 022014520,0.929300,0.929500,0
20140801 022015020,0.929290,0.929490,0
20140801 022015520,0.929280,0.929480,0
20140801 022015770,0.929270,0.929470,0
20140801 022016020,0.929280,0.929480,0
20140801 022016270,0.929320,0.929520,0
20140801 022016520,0.929260,0.929460,0
20140801 022016770,0.929240,0.929440,0
20140801 022017020,0.929220,0.929420,0
20140801 022017270,0.929200,0.929400,0
20140801 022021270,0.929220,0.929420,0
20140801 022022507,0.929200,0.929400,0
20140801 022022770,0.929190,0.929390,0
20140801 022023270,0.929180,0.929380,0
20140801 022026770,0.929190,0.929390,0
20140801 022027770,0.929180,0.929380,0
20140801 022028020,0.929190,0.929390,0
20140801 022029270,0.929180,0.929380,0
20140801 022029520,0.929190,0.929390,0
20140801 022030020,0.929200,0.929400,0
20140801 022033287,0.929250,0.929450,0
20140801 022033520,0.929270,0.929470,0
20140801 022033770,0.929240,0.929440,0
20140801 022034020,0.929230,0.929430,0
20140801 022034757,0.929220,0.929420,0
20140801 022037020,0.929230,0.929430,0
20140801 022037770,0.929170,0.929370,0
20140801 022038067,0.929180,0.929380,0
20140801 022039770,0.929170,0.929370,0
20140801 022040007,0.929180,0.929380,0
20140801 022040287,0.929200,0.929400,0
20140801 022040520,0.929230,0.929430,0
20140801 022042020,0.929210,0.929410,0
20140801 022044520,0.929200,0.929400,0
20140801 022045770,0.929210,0.929410,0
20140801 022050270,0.929200,0.929400,0
20140801 022100520,0.929210,0.929410,0
20140801 022101037,0.929240,0.929440,0
20140801 022102520,0.929220,0.929420,0
20140801 022105020,0.929240,0.929440,0
20140801 022106520,0.929220,0.929420,0
20140801 022113067,0.929240,0.929440,0
20140801 022114270,0.929260,0.929460,0
20140801 022114520,0.929270,0.929470,0
20140801 022122520,0.929300,0.929500,0
20140801 022122757,0.929290,0.929490,0
20140801 022148770,0.929300,0.929500,0
20140801 022233520,0.929290,0.929490,0
20140801 022234020,0.929280,0.929480,0
20140801 022234270,0.929290,0.929490,0
20140801 022234520,0.929270,0.929470,0
20140801 022244520,0.929260,0.929460,0
20140801 022300270,0.929270,0.929470,0
20140801 022310520,0.929260,0.929460,0
20140801 022320270,0.929240,0.929440,0
20140801 022320537,0.929220,0.929420,0
20140801 022320770,0.929170,0.929370,0
20140801 022321270,0.929150,0.929350,0
20140801 022321787,0.929140,0.929340,0
20140801 022322020,0.929120,0.929320,0
20140801 022322270,0.929090,0.929290,0
20140801 022322520,0.929100,0.929300,0
20140801 022322770,0.929130,0.929330,0
20140801 022323270,0.929150,0.929350,0
20140801 022323520,0.929170,0.929370,0
20140801 022328020,0.929190,0.929390,0
20140801 022331503,0.929230,0.929430,0
20140801 022333770,0.929240,0.929440,0
20140801 022344253,0.929260,0.929460,0
20140801 022344503,0.929270,0.929470,0
20140801 022344753,0.929300,0.929500,0
20140801 022348503,0.929310,0.929510,0
20140801 022349003,0.929290,0.929490,0
20140801 022349270,0.929280,0.929480,0
20140801 022356787,0.929310,0.929510,0
20140801 022357270,0.929300,0.929500,0
20140801 022357520,0.929310,0.929510,0
20140801 022402520,0.929300,0.929500,0
20140801 022424770,0.929330,0.929530,0
20140801 022425037,0.929360,0.929560,0
20140801 022425270,0.929370,0.929570,0
20140801 022429037,0.929360,0.929560,0
20140801 022430770,0.929330,0.929530,0
20140801 022431270,0.929310,0.929510,0
20140801 022431520,0.929320,0.929520,0
20140801 022431770,0.929310,0.929510,0
20140801 022440520,0.929320,0.929520,0
20140801 022441020,0.929310,0.929510,0
20140801 022444770,0.929320,0.929520,0
20140801 022445770,0.929310,0.929510,0
20140801 022450270,0.929320,0.929520,0
20140801 022450520,0.929360,0.929560,0
20140801 022454520,0.929330,0.929530,0
20140801 022454770,0.929310,0.929510,0
20140801 022458270,0.929320,0.929520,0
20140801 022459020,0.929310,0.929510,0
20140801 022502270,0.929320,0.929520,0
20140801 022502770,0.929350,0.929550,0
20140801 022503020,0.929360,0.929560,0
20140801 022504520,0.929350,0.929550,0
20140801 022510270,0.929360,0.929560,0
20140801 022511270,0.929340,0.929540,0
20140801 022511770,0.929300,0.929500,0
20140801 022512020,0.929290,0.929490,0
20140801 022512770,0.929280,0.929480,0
20140801 022534020,0.929290,0.929490,0
20140801 022553253,0.929300,0.929500,0
20140801 022553770,0.929320,0.929520,0
20140801 022554003,0.929350,0.929550,0
20140801 022554270,0.929360,0.929560,0
20140801 022554503,0.929350,0.929550,0
20140801 022554770,0.929360,0.929560,0
20140801 022607520,0.929350,0.929550,0
20140801 022607770,0.929360,0.929560,0
20140801 022608020,0.929350,0.929550,0
20140801 022609767,0.929300,0.929500,0
20140801 022610017,0.929320,0.929520,0
20140801 022610267,0.929330,0.929530,0
20140801 022611517,0.929290,0.929490,0
20140801 022612267,0.929280,0.929480,0
20140801 022623517,0.929300,0.929500,0
20140801 022623783,0.929340,0.929540,0
20140801 022624017,0.929350,0.929550,0
20140801 022628067,0.929340,0.929540,0
20140801 022632533,0.929320,0.929520,0
20140801 022632753,0.929290,0.929490,0
20140801 022633753,0.929280,0.929480,0
20140801 022641253,0.929290,0.929490,0
20140801 022649753,0.929300,0.929500,0
20140801 022656017,0.929340,0.929540,0
20140801 022656253,0.929350,0.929550,0
20140801 022656753,0.929360,0.929560,0
20140801 022703503,0.929350,0.929550,0
20140801 022703753,0.929360,0.929560,0
20140801 022712767,0.929350,0.929550,0
20140801 022730283,0.929340,0.929540,0
20140801 022737517,0.929350,0.929550,0
20140801 022738517,0.929340,0.929540,0
20140801 022739517,0.929350,0.929550,0
20140801 022743767,0.929360,0.929560,0
20140801 022744267,0.929410,0.929610,0
20140801 022744517,0.929370,0.929570,0
20140801 022744767,0.929380,0.929580,0
20140801 022745017,0.929370,0.929570,0
20140801 022802517,0.929380,0.929580,0
20140801 022807503,0.929390,0.929590,0
20140801 022810767,0.929380,0.929580,0
20140801 022816767,0.929390,0.929590,0
20140801 022817267,0.929380,0.929580,0
20140801 022817517,0.929390,0.929590,0
20140801 022823767,0.929380,0.929580,0
20140801 022824017,0.929390,0.929590,0
20140801 022832517,0.929400,0.929600,0
20140801 022832783,0.929430,0.929630,0
20140801 022833017,0.929440,0.929640,0
20140801 022833267,0.929430,0.929630,0
20140801 022833517,0.929420,0.929620,0
20140801 022833767,0.929410,0.929610,0
20140801 022834267,0.929380,0.929580,0
20140801 022838767,0.929390,0.929590,0
20140801 022848063,0.929380,0.929580,0
20140801 022848503,0.929360,0.929560,0
20140801 022858267,0.929350,0.929550,0
20140801 022904283,0.929330,0.929530,0
20140801 022904517,0.929310,0.929510,0
20140801 022904783,0.929250,0.929450,0
20140801 022905033,0.929240,0.929440,0
20140801 022905267,0.929220,0.929420,0
20140801 022905783,0.929210,0.929410,0
20140801 022906033,0.929170,0.929370,0
20140801 022906300,0.929160,0.929360,0
20140801 022906517,0.929150,0.929350,0
20140801 022906783,0.929140,0.929340,0
20140801 022907033,0.929150,0.929350,0
20140801 022907267,0.929140,0.929340,0
20140801 022909267,0.929170,0.929370,0
20140801 022910017,0.929150,0.929350,0
20140801 022914267,0.929160,0.929360,0
20140801 022914517,0.929170,0.929370,0
20140801 022914767,0.929160,0.929360,0
20140801 022915267,0.929170,0.929370,0
20140801 022916017,0.929180,0.929380,0
20140801 022916267,0.929160,0.929360,0
20140801 022917767,0.929170,0.929370,0
20140801 022922017,0.929220,0.929420,0
20140801 022922267,0.929230,0.929430,0
20140801 022922517,0.929240,0.929440,0
20140801 022923267,0.929200,0.929400,0
20140801 022923517,0.929210,0.929410,0
20140801 022923767,0.929220,0.929420,0
20140801 022925017,0.929190,0.929390,0
20140801 022934517,0.929180,0.929380,0
20140801 022940517,0.929170,0.929370,0
20140801 022940767,0.929160,0.929360,0
20140801 022941017,0.929170,0.929370,0
20140801 022941267,0.929160,0.929360,0
20140801 022941767,0.929170,0.929370,0
20140801 022942517,0.929160,0.929360,0
20140801 022942767,0.929170,0.929370,0
20140801 022943517,0.929160,0.929360,0
20140801 022944017,0.929170,0.929370,0
20140801 022945767,0.929180,0.929380,0
20140801 022946017,0.929200,0.929400,0
20140801 022947517,0.929190,0.929390,0
20140801 022948017,0.929200,0.929400,0
20140801 022956767,0.929190,0.929390,0
20140801 022958047,0.929180,0.929380,0
20140801 022959767,0.929220,0.929420,0
20140801 023002767,0.929190,0.929390,0
20140801 023004767,0.929180,0.929380,0
20140801 023014517,0.929120,0.929320,0
20140801 023021767,0.929130,0.929330,0
20140801 023022533,0.929170,0.929370,0
20140801 023024267,0.929190,0.929390,0
20140801 023030517,0.929180,0.929380,0
20140801 023031267,0.929190,0.929390,0
20140801 023033047,0.929180,0.929380,0
20140801 023033267,0.929190,0.929390,0
20140801 023048767,0.929180,0.929380,0
20140801 023100267,0.929200,0.929400,0
20140801 023100533,0.929180,0.929380,0
20140801 023102033,0.929210,0.929410,0
20140801 023102267,0.929230,0.929430,0
20140801 023102767,0.929210,0.929410,0
20140801 023103017,0.929220,0.929420,0
20140801 023104767,0.929210,0.929410,0
20140801 023107267,0.929200,0.929400,0
20140801 023107517,0.929190,0.929390,0
20140801 023108517,0.929180,0.929380,0
20140801 023115767,0.929160,0.929360,0
20140801 023117267,0.929180,0.929380,0
20140801 023117517,0.929160,0.929360,0
20140801 023119267,0.929180,0.929380,0
20140801 023119517,0.929160,0.929360,0
20140801 023121267,0.929180,0.929380,0
20140801 023121517,0.929160,0.929360,0
20140801 023123017,0.929180,0.929380,0
20140801 023126267,0.929160,0.929360,0
20140801 023127767,0.929200,0.929400,0
20140801 023128017,0.929190,0.929390,0
20140801 023146017,0.929200,0.929400,0
20140801 023146250,0.929210,0.929410,0
20140801 023153017,0.929230,0.929430,0
20140801 023153267,0.929240,0.929440,0
20140801 023153517,0.929230,0.929430,0
20140801 023154033,0.929210,0.929410,0
20140801 023206517,0.929200,0.929400,0
20140801 023207517,0.929210,0.929410,0
20140801 023222267,0.929190,0.929390,0
20140801 023222517,0.929180,0.929380,0
20140801 023224267,0.929170,0.929370,0
20140801 023235267,0.929160,0.929360,0
20140801 023235533,0.929080,0.929280,0
20140801 023235767,0.929040,0.929240,0
20140801 023237017,0.929050,0.929250,0
20140801 023245267,0.929030,0.929230,0
20140801 023245533,0.929020,0.929220,0
20140801 023245767,0.929010,0.929210,0
20140801 023246017,0.928960,0.929160,0
20140801 023246267,0.928970,0.929170,0
20140801 023246517,0.928950,0.929150,0
20140801 023248017,0.928980,0.929180,0
20140801 023248267,0.928960,0.929160,0
20140801 023251250,0.928970,0.929170,0
20140801 023251517,0.928980,0.929180,0
20140801 023252767,0.929020,0.929220,0
20140801 023253063,0.929030,0.929230,0
20140801 023253267,0.929050,0.929250,0
20140801 023253767,0.929040,0.929240,0
20140801 023254033,0.929020,0.929220,0
20140801 023254267,0.929010,0.929210,0
20140801 023256017,0.929020,0.929220,0
20140801 023256517,0.929010,0.929210,0
20140801 023256767,0.929020,0.929220,0
20140801 023257017,0.929010,0.929210,0
20140801 023258017,0.929020,0.929220,0
20140801 023258267,0.929030,0.929230,0
20140801 023302017,0.929020,0.929220,0
20140801 023308767,0.929030,0.929230,0
20140801 023315517,0.929020,0.929220,0
20140801 023321267,0.929030,0.929230,0
20140801 023411767,0.929020,0.929220,0
20140801 023412267,0.929030,0.929230,0
20140801 023412767,0.929010,0.929210,0
20140801 023413017,0.929000,0.929200,0
20140801 023415267,0.928970,0.929170,0
20140801 023415517,0.928990,0.929190,0
20140801 023415767,0.928980,0.929180,0
20140801 023419517,0.928990,0.929190,0
20140801 023428267,0.928980,0.929180,0
20140801 023445767,0.929030,0.929230,0
20140801 023446017,0.929000,0.929200,0
20140801 023446267,0.928990,0.929190,0
20140801 023448767,0.929030,0.929230,0
20140801 023501767,0.928990,0.929190,0
20140801 023508517,0.928970,0.929170,0
20140801 023518267,0.928990,0.929190,0
20140801 023520767,0.928970,0.929170,0
20140801 023522267,0.929030,0.929230,0
20140801 023522767,0.929000,0.929200,0
20140801 023523017,0.928980,0.929180,0
20140801 023525517,0.928970,0.929170,0
20140801 023525767,0.928960,0.929160,0
20140801 023526017,0.928970,0.929170,0
20140801 023535267,0.928960,0.929160,0
20140801 023535517,0.928930,0.929130,0
20140801 023535750,0.928890,0.929090,0
20140801 023536267,0.928900,0.929100,0
20140801 023538267,0.928910,0.929110,0
20140801 023538517,0.928940,0.929140,0
20140801 023540280,0.928920,0.929120,0
20140801 023540517,0.928940,0.929140,0
20140801 023540767,0.928960,0.929160,0
20140801 023541017,0.928970,0.929170,0
20140801 023550517,0.928980,0.929180,0
20140801 023556030,0.929040,0.929240,0
20140801 023556517,0.929050,0.929250,0
20140801 023557517,0.929040,0.929240,0
20140801 023557767,0.929050,0.929250,0
20140801 023558017,0.929040,0.929240,0
20140801 023605030,0.929030,0.929230,0
20140801 023605280,0.929020,0.929220,0
20140801 023605530,0.929050,0.929250,0
20140801 023606017,0.929060,0.929260,0
20140801 023606517,0.929070,0.929270,0
