TIME,MIN,MAX,OTHER
20140731 000004737,1.10044898319,1.10081239955,0
20140731 000006737,1.10043687344,1.1008002818,0
20140731 000035737,1.10044898319,1.10081239955,0
20140731 000035987,1.10043687344,1.1008002818,0
20140731 000049987,1.10044898319,1.10081239955,0
20140731 000128970,1.1004610932,1.10082451756,0
20140731 000129470,1.10044898319,1.10081239955,0
20140731 000138737,1.1004610932,1.10082451756,0
20140731 000139237,1.10044898319,1.10081239955,0
20140731 000144237,1.1004610932,1.10082451756,0
20140731 000147987,1.10044898319,1.10081239955,0
20140731 000155487,1.1004610932,1.10082451756,0
20140731 000159970,1.10044898319,1.10081239955,0
20140731 000200237,1.1004610932,1.10082451756,0
20140731 000203970,1.10044898319,1.10081239955,0
20140731 000204470,1.1004610932,1.10082451756,0
20140731 000208970,1.10044898319,1.10081239955,0
20140731 000233987,1.10043687344,1.1008002818,0
20140731 000255237,1.10042476396,1.10078816433,0
20140731 000301237,1.10043687344,1.1008002818,0
20140731 000301487,1.10042476396,1.10078816433,0
20140731 000304720,1.10043687344,1.1008002818,0
20140731 000304987,1.10042476396,1.10078816433,0
20140731 000309987,1.10043687344,1.1008002818,0
20140731 000348987,1.10044898319,1.10081239955,0
20140731 000403237,1.10043687344,1.1008002818,0
20140731 000409237,1.10042476396,1.10078816433,0
20140731 000409487,1.10043687344,1.1008002818,0
20140731 000410237,1.10042476396,1.10078816433,0
20140731 000416987,1.10043687344,1.1008002818,0
20140731 000444987,1.10044898319,1.10081239955,0
20140731 000501220,1.10043687344,1.1008002818,0
20140731 000515237,1.10044898319,1.10081239955,0
20140731 000517237,1.10042476396,1.10078816433,0
20140731 000528987,1.10043687344,1.1008002818,0
20140731 000529237,1.10044898319,1.10081239955,0
20140731 000529487,1.10043687344,1.1008002818,0
20140731 000554987,1.10044898319,1.10081239955,0
20140731 000600237,1.10043687344,1.1008002818,0
20140731 000609237,1.10044898319,1.10081239955,0
20140731 000609987,1.10048531402,1.10084875439,0
20140731 000627737,1.10047320348,1.10083663584,0
20140731 000629737,1.10052164726,1.10088511163,0
20140731 000630237,1.10053375887,1.10089723124,0
20140731 000630487,1.1005579829,1.10092147127,0
20140731 000632487,1.10057009531,1.10093359169,0
20140731 000636487,1.1005579829,1.10092147127,0
20140731 000639737,1.10052164726,1.10088511163,0
20140731 000658737,1.10050953592,1.10087299228,0
20140731 000658987,1.10048531402,1.10084875439,0
20140731 000659487,1.10047320348,1.10083663584,0
20140731 000659987,1.10048531402,1.10084875439,0
20140731 000711970,1.10052164726,1.10088511163,0
20140731 000712487,1.10049742484,1.1008608732,0
20140731 000714487,1.10050953592,1.10087299228,0
20140731 000715987,1.10049742484,1.1008608732,0
20140731 000720237,1.1004610932,1.10082451756,0
20140731 000732733,1.10048531402,1.10084875439,0
20140731 000733233,1.1004610932,1.10082451756,0
20140731 000734233,1.10050953592,1.10087299228,0
20140731 000738733,1.10049742484,1.1008608732,0
20140731 000741733,1.1004610932,1.10082451756,0
20140731 000741983,1.10047320348,1.10083663584,0
20140731 000742233,1.10052164726,1.10088511163,0
20140731 000742483,1.10050953592,1.10087299228,0
20140731 000743233,1.10052164726,1.10088511163,0
20140731 000801233,1.10053375887,1.10089723124,0
20140731 000803733,1.10054587075,1.10090935112,0
20140731 000819233,1.1005579829,1.10092147127,0
20140731 000913983,1.10057009531,1.10093359169,0
20140731 000921467,1.1005579829,1.10092147127,0
20140731 000922467,1.10054587075,1.10090935112,0
20140731 000943717,1.10057009531,1.10093359169,0
20140731 000944233,1.1005579829,1.10092147127,0
20140731 000945233,1.10057009531,1.10093359169,0
20140731 000946233,1.1005579829,1.10092147127,0
20140731 000947483,1.10054587075,1.10090935112,0
20140731 000958733,1.1005579829,1.10092147127,0
20140731 001001983,1.10054587075,1.10090935112,0
20140731 001035983,1.10053375887,1.10089723124,0
20140731 001036983,1.10054587075,1.10090935112,0
20140731 001103983,1.10053375887,1.10089723124,0
20140731 001109483,1.10054587075,1.10090935112,0
20140731 001132983,1.1005579829,1.10092147127,0
20140731 001136483,1.10054587075,1.10090935112,0
20140731 001142483,1.10053375887,1.10089723124,0
20140731 001145483,1.10054587075,1.10090935112,0
20140731 001159483,1.10053375887,1.10089723124,0
20140731 001202483,1.10054587075,1.10090935112,0
20140731 001220733,1.10053375887,1.10089723124,0
20140731 001227983,1.10054587075,1.10090935112,0
20140731 001255983,1.10053375887,1.10089723124,0
20140731 001302233,1.10054587075,1.10090935112,0
20140731 001324733,1.10053375887,1.10089723124,0
20140731 001325733,1.10054587075,1.10090935112,0
20140731 001335983,1.10053375887,1.10089723124,0
20140731 001336967,1.10054587075,1.10090935112,0
20140731 001337233,1.10053375887,1.10089723124,0
20140731 001342217,1.10054587075,1.10090935112,0
20140731 001342467,1.10053375887,1.10089723124,0
20140731 001344217,1.10054587075,1.10090935112,0
20140731 001347733,1.10053375887,1.10089723124,0
20140731 001348983,1.10054587075,1.10090935112,0
20140731 001408733,1.10053375887,1.10089723124,0
20140731 001409733,1.10052164726,1.10088511163,0
20140731 001431967,1.10053375887,1.10089723124,0
20140731 001436233,1.1005579829,1.10092147127,0
20140731 001536480,1.10054587075,1.10090935112,0
20140731 001540980,1.1005579829,1.10092147127,0
20140731 001543980,1.10054587075,1.10090935112,0
20140731 001704997,1.1005579829,1.10092147127,0
20140731 001707997,1.10054587075,1.10090935112,0
20140731 001738747,1.1005579829,1.10092147127,0
20140731 001753747,1.10054587075,1.10090935112,0
20140731 001806997,1.1005579829,1.10092147127,0
20140731 001821997,1.10057009531,1.10093359169,0
20140731 001823997,1.10058220799,1.10094571237,0
20140731 001824997,1.10059432093,1.10095783331,0
20140731 001825247,1.10060643415,1.10096995453,0
20140731 001826247,1.10059432093,1.10095783331,0
20140731 001827997,1.10058220799,1.10094571237,0
20140731 001851497,1.10059432093,1.10095783331,0
20140731 001851747,1.10058220799,1.10094571237,0
20140731 001852730,1.10057009531,1.10093359169,0
20140731 001902730,1.10058220799,1.10094571237,0
20140731 001902997,1.10060643415,1.10096995453,0
20140731 001903403,1.10059432093,1.10095783331,0
20140731 001903497,1.10058220799,1.10094571237,0
20140731 001903997,1.10057009531,1.10093359169,0
20140731 001905247,1.1005579829,1.10092147127,0
20140731 001907497,1.10057009531,1.10093359169,0
20140731 001907747,1.1005579829,1.10092147127,0
20140731 001907997,1.10057009531,1.10093359169,0
20140731 001950497,1.1005579829,1.10092147127,0
20140731 001952247,1.10054587075,1.10090935112,0
20140731 001956497,1.10057009531,1.10093359169,0
20140731 002000497,1.1005579829,1.10092147127,0
20140731 002001497,1.10054587075,1.10090935112,0
20140731 002006997,1.10057009531,1.10093359169,0
20140731 002024497,1.1005579829,1.10092147127,0
20140731 002026497,1.10054587075,1.10090935112,0
20140731 002030497,1.10057009531,1.10093359169,0
20140731 002052997,1.10058220799,1.10094571237,0
20140731 002104247,1.10057009531,1.10093359169,0
20140731 002113747,1.10058220799,1.10094571237,0
20140731 002113997,1.10057009531,1.10093359169,0
20140731 002130747,1.1005579829,1.10092147127,0
20140731 002133497,1.10057009531,1.10093359169,0
20140731 002141497,1.1005579829,1.10092147127,0
20140731 002141997,1.10057009531,1.10093359169,0
20140731 002142997,1.1005579829,1.10092147127,0
20140731 002143497,1.10057009531,1.10093359169,0
20140731 002144497,1.1005579829,1.10092147127,0
20140731 002144997,1.10057009531,1.10093359169,0
20140731 002151997,1.1005579829,1.10092147127,0
20140731 002212243,1.10057009531,1.10093359169,0
20140731 002221993,1.1005579829,1.10092147127,0
20140731 002223243,1.10054587075,1.10090935112,0
20140731 002224993,1.1005579829,1.10092147127,0
20140731 002225993,1.10054587075,1.10090935112,0
20140731 002226993,1.1005579829,1.10092147127,0
20140731 002227493,1.10054587075,1.10090935112,0
20140731 002229243,1.10057009531,1.10093359169,0
20140731 002231493,1.10058220799,1.10094571237,0
20140731 002234243,1.10057009531,1.10093359169,0
20140731 002249243,1.1005579829,1.10092147127,0
20140731 002250493,1.10054587075,1.10090935112,0
20140731 002255993,1.1005579829,1.10092147127,0
20140731 002301743,1.10054587075,1.10090935112,0
20140731 002302243,1.10057009531,1.10093359169,0
20140731 002407993,1.1005579829,1.10092147127,0
20140731 002418993,1.10057009531,1.10093359169,0
20140731 002430993,1.1005579829,1.10092147127,0
20140731 002432993,1.10057009531,1.10093359169,0
20140731 002433493,1.1005579829,1.10092147127,0
20140731 002434743,1.10054587075,1.10090935112,0
20140731 002435243,1.1005579829,1.10092147127,0
20140731 002435993,1.10054587075,1.10090935112,0
20140731 002438993,1.10057009531,1.10093359169,0
20140731 002439243,1.10058220799,1.10094571237,0
20140731 002441493,1.10057009531,1.10093359169,0
20140731 002450493,1.10058220799,1.10094571237,0
20140731 002450743,1.10057009531,1.10093359169,0
20140731 002455493,1.10058220799,1.10094571237,0
20140731 002517243,1.10057009531,1.10093359169,0
20140731 002531243,1.1005579829,1.10092147127,0
20140731 002535993,1.10058220799,1.10094571237,0
20140731 002640743,1.1005579829,1.10092147127,0
20140731 002657993,1.10057009531,1.10093359169,0
20140731 002658493,1.1005579829,1.10092147127,0
20140731 002704993,1.10057009531,1.10093359169,0
20140731 002746993,1.1005579829,1.10092147127,0
20140731 002758993,1.10054587075,1.10090935112,0
20140731 002759243,1.10053375887,1.10089723124,0
20140731 002804993,1.10054587075,1.10090935112,0
20140731 002805243,1.10053375887,1.10089723124,0
20140731 002814493,1.10054587075,1.10090935112,0
20140731 002814743,1.10053375887,1.10089723124,0
20140731 002820243,1.10054587075,1.10090935112,0
20140731 002919743,1.10053375887,1.10089723124,0
20140731 002952740,1.10054587075,1.10090935112,0
20140731 003001990,1.1005579829,1.10092147127,0
20140731 003007490,1.10054587075,1.10090935112,0
20140731 003011740,1.10053375887,1.10089723124,0
20140731 003016240,1.10047320348,1.10083663584,0
20140731 003016490,1.10048531402,1.10084875439,0
20140731 003017740,1.10047320348,1.10083663584,0
20140731 003018740,1.1004610932,1.10082451756,0
20140731 003022490,1.10047320348,1.10083663584,0
20140731 003023490,1.1004610932,1.10082451756,0
20140731 003026490,1.10044898319,1.10081239955,0
20140731 003027727,1.10043687344,1.1008002818,0
20140731 003031490,1.1004610932,1.10082451756,0
20140731 003032740,1.10044898319,1.10081239955,0
20140731 003032990,1.10043687344,1.1008002818,0
20140731 003033740,1.10042476396,1.10078816433,0
20140731 003033990,1.10041265475,1.10077604711,0
20140731 003034740,1.1004005458,1.10076393017,0
20140731 003035740,1.10042476396,1.10078816433,0
20140731 003037240,1.10041265475,1.10077604711,0
20140731 003038477,1.10042476396,1.10078816433,0
20140731 003038740,1.10044898319,1.10081239955,0
20140731 003038977,1.10043687344,1.1008002818,0
20140731 003046727,1.10044898319,1.10081239955,0
20140731 003049977,1.10043687344,1.1008002818,0
20140731 003050740,1.10044898319,1.10081239955,0
20140731 003050977,1.10043687344,1.1008002818,0
20140731 003051977,1.10044898319,1.10081239955,0
20140731 003052227,1.10043687344,1.1008002818,0
20140731 003054240,1.10044898319,1.10081239955,0
20140731 003057977,1.10043687344,1.1008002818,0
20140731 003059727,1.10042476396,1.10078816433,0
20140731 003101727,1.10043687344,1.1008002818,0
20140731 003102477,1.10041265475,1.10077604711,0
20140731 003108727,1.10042476396,1.10078816433,0
20140731 003108977,1.10041265475,1.10077604711,0
20140731 003109977,1.1004005458,1.10076393017,0
20140731 003112977,1.10041265475,1.10077604711,0
20140731 003114977,1.10042476396,1.10078816433,0
20140731 003115240,1.10041265475,1.10077604711,0
20140731 003115477,1.10042476396,1.10078816433,0
20140731 003157727,1.10041265475,1.10077604711,0
20140731 003205727,1.1004005458,1.10076393017,0
20140731 003205977,1.10041265475,1.10077604711,0
20140731 003210990,1.10042476396,1.10078816433,0
20140731 003212227,1.10041265475,1.10077604711,0
20140731 003225227,1.10042476396,1.10078816433,0
20140731 003234240,1.10041265475,1.10077604711,0
20140731 003234477,1.1004005458,1.10076393017,0
20140731 003234727,1.10038843712,1.10075181349,0
20140731 003234977,1.1003763287,1.10073969708,0
20140731 003236477,1.10038843712,1.10075181349,0
20140731 003236727,1.10041265475,1.10077604711,0
20140731 003236977,1.1004005458,1.10076393017,0
20140731 003238477,1.10041265475,1.10077604711,0
20140731 003238977,1.10042476396,1.10078816433,0
20140731 003245727,1.10041265475,1.10077604711,0
20140731 003255977,1.10042476396,1.10078816433,0
20140731 003304990,1.10043687344,1.1008002818,0
20140731 003306990,1.10042476396,1.10078816433,0
20140731 003316490,1.10041265475,1.10077604711,0
20140731 003317740,1.1004005458,1.10076393017,0
20140731 003320257,1.1003763287,1.10073969708,0
20140731 003320990,1.10036422056,1.10072758093,0
20140731 003325240,1.1003763287,1.10073969708,0
20140731 003325990,1.10036422056,1.10072758093,0
20140731 003326990,1.10038843712,1.10075181349,0
20140731 003327490,1.1004005458,1.10076393017,0
20140731 003327740,1.10038843712,1.10075181349,0
20140731 003347490,1.1004005458,1.10076393017,0
20140731 003349990,1.1003763287,1.10073969708,0
20140731 003350240,1.10036422056,1.10072758093,0
20140731 003350490,1.10035211268,1.10071546505,0
20140731 003350740,1.10036422056,1.10072758093,0
20140731 003351723,1.10035211268,1.10071546505,0
20140731 003352723,1.10036422056,1.10072758093,0
20140731 003402740,1.10038843712,1.10075181349,0
20140731 003402990,1.1004005458,1.10076393017,0
20140731 003406473,1.10041265475,1.10077604711,0
20140731 003406740,1.1004005458,1.10076393017,0
20140731 003406990,1.10041265475,1.10077604711,0
20140731 003407973,1.1004005458,1.10076393017,0
20140731 003416223,1.10038843712,1.10075181349,0
20140731 003421990,1.1004005458,1.10076393017,0
20140731 003422240,1.10038843712,1.10075181349,0
20140731 003424990,1.1004005458,1.10076393017,0
20140731 003453490,1.10038843712,1.10075181349,0
20140731 003501490,1.1004005458,1.10076393017,0
20140731 003502490,1.10038843712,1.10075181349,0
20140731 003502740,1.1004005458,1.10076393017,0
20140731 003505240,1.1003763287,1.10073969708,0
20140731 003505490,1.10035211268,1.10071546505,0
20140731 003505757,1.10034000506,1.10070334944,0
20140731 003506240,1.10032789771,1.1006912341,0
20140731 003507490,1.10031579063,1.10067911902,0
20140731 003508473,1.10030368382,1.1006670042,0
20140731 003510740,1.10031579063,1.10067911902,0
20140731 003511740,1.10029157727,1.10065488966,0
20140731 003514490,1.10030368382,1.1006670042,0
20140731 003518990,1.10031579063,1.10067911902,0
20140731 003519740,1.10030368382,1.1006670042,0
20140731 003519990,1.10032789771,1.1006912341,0
20140731 003523007,1.10034000506,1.10070334944,0
20140731 003523240,1.10035211268,1.10071546505,0
20140731 003523397,1.10034000506,1.10070334944,0
20140731 003523490,1.10035211268,1.10071546505,0
20140731 003523740,1.10034000506,1.10070334944,0
20140731 003523990,1.10031579063,1.10067911902,0
20140731 003524490,1.10030368382,1.1006670042,0
20140731 003528490,1.10029157727,1.10065488966,0
20140731 003529490,1.10030368382,1.1006670042,0
20140731 003533990,1.10031579063,1.10067911902,0
20140731 003535990,1.10030368382,1.1006670042,0
20140731 003602240,1.10029157727,1.10065488966,0
20140731 003604990,1.10030368382,1.1006670042,0
20140731 003616973,1.10031579063,1.10067911902,0
20140731 003622990,1.10030368382,1.1006670042,0
20140731 003627723,1.10031579063,1.10067911902,0
20140731 003630740,1.10032789771,1.1006912341,0
20140731 003632990,1.10034000506,1.10070334944,0
20140731 003633240,1.10035211268,1.10071546505,0
20140731 003634490,1.10034000506,1.10070334944,0
20140731 003637490,1.10035211268,1.10071546505,0
20140731 003641240,1.10034000506,1.10070334944,0
20140731 003641490,1.10035211268,1.10071546505,0
20140731 003641740,1.10034000506,1.10070334944,0
20140731 003647740,1.10030368382,1.1006670042,0
20140731 003648990,1.10029157727,1.10065488966,0
20140731 003653490,1.10030368382,1.1006670042,0
20140731 003654490,1.10029157727,1.10065488966,0
20140731 003703490,1.10030368382,1.1006670042,0
20140731 003709240,1.10031579063,1.10067911902,0
20140731 003709490,1.10032789771,1.1006912341,0
20140731 003710990,1.10031579063,1.10067911902,0
20140731 003712740,1.10030368382,1.1006670042,0
20140731 003713740,1.10029157727,1.10065488966,0
20140731 003717240,1.10030368382,1.1006670042,0
20140731 003718240,1.10029157727,1.10065488966,0
20140731 003719240,1.10030368382,1.1006670042,0
20140731 003720503,1.10031579063,1.10067911902,0
20140731 003720740,1.10032789771,1.1006912341,0
20140731 003721240,1.10031579063,1.10067911902,0
20140731 003722740,1.10030368382,1.1006670042,0
20140731 003722990,1.10031579063,1.10067911902,0
20140731 003724490,1.10030368382,1.1006670042,0
20140731 003726740,1.10029157727,1.10065488966,0
20140731 003730240,1.10030368382,1.1006670042,0
20140731 003738987,1.10031579063,1.10067911902,0
20140731 003739987,1.10030368382,1.1006670042,0
20140731 003744987,1.10031579063,1.10067911902,0
20140731 003748487,1.10030368382,1.1006670042,0
20140731 003753237,1.10031579063,1.10067911902,0
20140731 003758487,1.10029157727,1.10065488966,0
20140731 003812987,1.10030368382,1.1006670042,0
20140731 003813987,1.10029157727,1.10065488966,0
20140731 003821987,1.10030368382,1.1006670042,0
20140731 003909487,1.10031579063,1.10067911902,0
20140731 003909737,1.10030368382,1.1006670042,0
20140731 003928487,1.10029157727,1.10065488966,0
20140731 003951987,1.10030368382,1.1006670042,0
20140731 003958487,1.10029157727,1.10065488966,0
20140731 004003973,1.10030368382,1.1006670042,0
20140731 004034003,1.10031579063,1.10067911902,0
20140731 004041737,1.10030368382,1.1006670042,0
20140731 004048237,1.10031579063,1.10067911902,0
20140731 004101987,1.10030368382,1.1006670042,0
20140731 004120220,1.10031579063,1.10067911902,0
20140731 004121237,1.10030368382,1.1006670042,0
20140731 004122987,1.10031579063,1.10067911902,0
20140731 004130737,1.10030368382,1.1006670042,0
20140731 004159237,1.10029157727,1.10065488966,0
20140731 004222737,1.10026736497,1.10063066137,0
20140731 004223003,1.10024315374,1.10060643415,0
20140731 004224487,1.10023104852,1.10059432093,0
20140731 004224987,1.10024315374,1.10060643415,0
20140731 004226737,1.10025525922,1.10061854762,0
20140731 004231737,1.10029157727,1.10065488966,0
20140731 004232737,1.10030368382,1.1006670042,0
20140731 004233737,1.10029157727,1.10065488966,0
20140731 004234987,1.10027947099,1.10064277538,0
20140731 004239987,1.10026736497,1.10063066137,0
20140731 004255237,1.10025525922,1.10061854762,0
20140731 004301987,1.10027947099,1.10064277538,0
20140731 004302253,1.10029157727,1.10065488966,0
20140731 004307987,1.10030368382,1.1006670042,0
20140731 004321487,1.10031579063,1.10067911902,0
20140731 004322487,1.10030368382,1.1006670042,0
20140731 004323487,1.10031579063,1.10067911902,0
20140731 004340737,1.10030368382,1.1006670042,0
20140731 004348987,1.10029157727,1.10065488966,0
20140731 004440987,1.10030368382,1.1006670042,0
20140731 004444487,1.10029157727,1.10065488966,0
20140731 004457237,1.10030368382,1.1006670042,0
20140731 004510987,1.10029157727,1.10065488966,0
20140731 004511987,1.10027947099,1.10064277538,0
20140731 004512987,1.10029157727,1.10065488966,0
20140731 004517487,1.10030368382,1.1006670042,0
20140731 004527987,1.10031579063,1.10067911902,0
20140731 004534237,1.10030368382,1.1006670042,0
20140731 004535237,1.10029157727,1.10065488966,0
20140731 004540987,1.10030368382,1.1006670042,0
20140731 004604237,1.10029157727,1.10065488966,0
20140731 004635487,1.10030368382,1.1006670042,0
20140731 004702737,1.10029157727,1.10065488966,0
20140731 004706250,1.10030368382,1.1006670042,0
20140731 004805733,1.10029157727,1.10065488966,0
20140731 004833733,1.10030368382,1.1006670042,0
20140731 004834733,1.10029157727,1.10065488966,0
20140731 004835733,1.10030368382,1.1006670042,0
20140731 004836233,1.10031579063,1.10067911902,0
20140731 004838483,1.10030368382,1.1006670042,0
20140731 004839483,1.10029157727,1.10065488966,0
20140731 004845733,1.10027947099,1.10064277538,0
20140731 004847733,1.10031579063,1.10067911902,0
20140731 004849233,1.10027947099,1.10064277538,0
20140731 004856483,1.10031579063,1.10067911902,0
20140731 004903483,1.10027947099,1.10064277538,0
20140731 004915483,1.10029157727,1.10065488966,0
20140731 004917983,1.10027947099,1.10064277538,0
20140731 004920233,1.10029157727,1.10065488966,0
20140731 004921983,1.10027947099,1.10064277538,0
20140731 004933233,1.10029157727,1.10065488966,0
20140731 004935733,1.10027947099,1.10064277538,0
20140731 004942483,1.10029157727,1.10065488966,0
20140731 004950000,1.10027947099,1.10064277538,0
20140731 004953000,1.10029157727,1.10065488966,0
20140731 005037000,1.10030368382,1.1006670042,0
20140731 005102233,1.10026736497,1.10063066137,0
20140731 005102483,1.10024315374,1.10060643415,0
20140731 005103983,1.10021894357,1.10058220799,0
20140731 005117000,1.10023104852,1.10059432093,0
20140731 005117983,1.10021894357,1.10058220799,0
20140731 005209483,1.10023104852,1.10059432093,0
20140731 005211483,1.10021894357,1.10058220799,0
20140731 005255497,1.10020683889,1.10057009531,0
20140731 005309247,1.10019473447,1.1005579829,0
20140731 005325497,1.10020683889,1.10057009531,0
20140731 005326747,1.10019473447,1.1005579829,0
20140731 005436747,1.10018263032,1.10054587075,0
20140731 005436997,1.10019473447,1.1005579829,0
20140731 005437247,1.10018263032,1.10054587075,0
20140731 005438247,1.10017052643,1.10053375887,0
20140731 005439497,1.10015842281,1.10052164726,0
20140731 005441747,1.10017052643,1.10053375887,0
20140731 005443497,1.10018263032,1.10054587075,0
20140731 005443747,1.10020683889,1.10057009531,0
20140731 005443997,1.10021894357,1.10058220799,0
20140731 005447747,1.10020683889,1.10057009531,0
20140731 005524997,1.10021894357,1.10058220799,0
20140731 005526997,1.10020683889,1.10057009531,0
20140731 005547997,1.10021894357,1.10058220799,0
20140731 005553247,1.10020683889,1.10057009531,0
20140731 005554997,1.10019473447,1.1005579829,0
20140731 005601997,1.10020683889,1.10057009531,0
20140731 005603247,1.10021894357,1.10058220799,0
20140731 005604497,1.10020683889,1.10057009531,0
20140731 005616747,1.10019473447,1.1005579829,0
20140731 005631497,1.10020683889,1.10057009531,0
20140731 005632247,1.10021894357,1.10058220799,0
20140731 005635747,1.10023104852,1.10059432093,0
20140731 005635997,1.10021894357,1.10058220799,0
20140731 005636247,1.10023104852,1.10059432093,0
20140731 005636747,1.10021894357,1.10058220799,0
20140731 005636997,1.10023104852,1.10059432093,0
20140731 005637997,1.10021894357,1.10058220799,0
20140731 005641247,1.10023104852,1.10059432093,0
20140731 005641497,1.10021894357,1.10058220799,0
20140731 005647497,1.10023104852,1.10059432093,0
20140731 005647747,1.10021894357,1.10058220799,0
20140731 005651997,1.10023104852,1.10059432093,0
20140731 005653997,1.10021894357,1.10058220799,0
20140731 005654497,1.10023104852,1.10059432093,0
20140731 005656747,1.10021894357,1.10058220799,0
20140731 005656997,1.10023104852,1.10059432093,0
20140731 005657997,1.10024315374,1.10060643415,0
20140731 005658247,1.10023104852,1.10059432093,0
20140731 005659247,1.10024315374,1.10060643415,0
20140731 005659497,1.10023104852,1.10059432093,0
20140731 005702497,1.10024315374,1.10060643415,0
20140731 005704497,1.10023104852,1.10059432093,0
20140731 005705997,1.10024315374,1.10060643415,0
20140731 005714497,1.10023104852,1.10059432093,0
20140731 005714997,1.10024315374,1.10060643415,0
20140731 005717997,1.10025525922,1.10061854762,0
20140731 005718747,1.10024315374,1.10060643415,0
20140731 005719013,1.10027947099,1.10064277538,0
20140731 005719247,1.10029157727,1.10065488966,0
20140731 005719997,1.10027947099,1.10064277538,0
20140731 005720247,1.10029157727,1.10065488966,0
20140731 005725997,1.10027947099,1.10064277538,0
20140731 005726497,1.10029157727,1.10065488966,0
20140731 005744980,1.10030368382,1.1006670042,0
20140731 005753480,1.10031579063,1.10067911902,0
20140731 005753747,1.10030368382,1.1006670042,0
20140731 005804230,1.10029157727,1.10065488966,0
20140731 005804730,1.10030368382,1.1006670042,0
20140731 005804980,1.10029157727,1.10065488966,0
20140731 005805230,1.10030368382,1.1006670042,0
20140731 005805480,1.10029157727,1.10065488966,0
20140731 005805730,1.10030368382,1.1006670042,0
20140731 005805980,1.10029157727,1.10065488966,0
20140731 005811497,1.10026736497,1.10063066137,0
20140731 005811763,1.10025525922,1.10061854762,0
20140731 005811997,1.10024315374,1.10060643415,0
20140731 005812480,1.10023104852,1.10059432093,0
20140731 005840997,1.10024315374,1.10060643415,0
20140731 005852497,1.10026736497,1.10063066137,0
20140731 005852763,1.10029157727,1.10065488966,0
20140731 005852997,1.10031579063,1.10067911902,0
20140731 005853247,1.10030368382,1.1006670042,0
20140731 005855747,1.10026736497,1.10063066137,0
20140731 005900230,1.10027947099,1.10064277538,0
20140731 005900480,1.10029157727,1.10065488966,0
20140731 005909997,1.10027947099,1.10064277538,0
20140731 005917510,1.10029157727,1.10065488966,0
20140731 005917747,1.10026736497,1.10063066137,0
20140731 005917997,1.10025525922,1.10061854762,0
20140731 005918387,1.10027947099,1.10064277538,0
20140731 005918747,1.10029157727,1.10065488966,0
20140731 005918997,1.10026736497,1.10063066137,0
20140731 005926247,1.10025525922,1.10061854762,0
20140731 005939247,1.10026736497,1.10063066137,0
20140731 005945997,1.10025525922,1.10061854762,0
20140731 010001997,1.10026736497,1.10063066137,0
20140731 010022497,1.10027947099,1.10064277538,0
20140731 010026497,1.10025525922,1.10061854762,0
20140731 010032997,1.10026736497,1.10063066137,0
20140731 010033247,1.10025525922,1.10061854762,0
20140731 010049247,1.10024315374,1.10060643415,0
20140731 010057230,1.10025525922,1.10061854762,0
20140731 010100997,1.10026736497,1.10063066137,0
20140731 010103497,1.10025525922,1.10061854762,0
20140731 010111247,1.10026736497,1.10063066137,0
20140731 010111497,1.10029157727,1.10065488966,0
20140731 010111747,1.10030368382,1.1006670042,0
20140731 010111997,1.10031579063,1.10067911902,0
20140731 010119480,1.10032789771,1.1006912341,0
20140731 010119747,1.10031579063,1.10067911902,0
20140731 010154497,1.10030368382,1.1006670042,0
20140731 010204747,1.10031579063,1.10067911902,0
20140731 010224997,1.10032789771,1.1006912341,0
20140731 010225480,1.10031579063,1.10067911902,0
20140731 010255493,1.10030368382,1.1006670042,0
20140731 010255993,1.10031579063,1.10067911902,0
20140731 010256493,1.10030368382,1.1006670042,0
20140731 010256743,1.10031579063,1.10067911902,0
20140731 010331510,1.10032789771,1.1006912341,0
20140731 010355243,1.10031579063,1.10067911902,0
20140731 010355743,1.10032789771,1.1006912341,0
20140731 010359493,1.10031579063,1.10067911902,0
20140731 010359743,1.10032789771,1.1006912341,0
20140731 010400993,1.10031579063,1.10067911902,0
20140731 010401227,1.10032789771,1.1006912341,0
20140731 010408243,1.10031579063,1.10067911902,0
20140731 010409993,1.10032789771,1.1006912341,0
20140731 010434743,1.10034000506,1.10070334944,0
20140731 010507243,1.10032789771,1.1006912341,0
20140731 010507993,1.10031579063,1.10067911902,0
20140731 010508243,1.10032789771,1.1006912341,0
20140731 010516993,1.10031579063,1.10067911902,0
20140731 010520743,1.10032789771,1.1006912341,0
20140731 010522243,1.10031579063,1.10067911902,0
20140731 010523993,1.10030368382,1.1006670042,0
20140731 010524243,1.10031579063,1.10067911902,0
20140731 010527493,1.10032789771,1.1006912341,0
20140731 010537493,1.10031579063,1.10067911902,0
20140731 010537743,1.10032789771,1.1006912341,0
20140731 010539493,1.10031579063,1.10067911902,0
20140731 010539743,1.10032789771,1.1006912341,0
20140731 010541993,1.10031579063,1.10067911902,0
20140731 010542243,1.10030368382,1.1006670042,0
20140731 010542493,1.10031579063,1.10067911902,0
20140731 010542743,1.10030368382,1.1006670042,0
20140731 010543243,1.10031579063,1.10067911902,0
20140731 010546243,1.10030368382,1.1006670042,0
20140731 010610243,1.10031579063,1.10067911902,0
20140731 010620243,1.10032789771,1.1006912341,0
20140731 010629493,1.10031579063,1.10067911902,0
20140731 010635493,1.10032789771,1.1006912341,0
20140731 010637727,1.10031579063,1.10067911902,0
20140731 010651993,1.10032789771,1.1006912341,0
20140731 010652227,1.10031579063,1.10067911902,0
20140731 010654493,1.10032789771,1.1006912341,0
20140731 010654993,1.10031579063,1.10067911902,0
20140731 010655493,1.10032789771,1.1006912341,0
20140731 010701743,1.10031579063,1.10067911902,0
20140731 010701993,1.10032789771,1.1006912341,0
20140731 010702243,1.10031579063,1.10067911902,0
20140731 010702743,1.10032789771,1.1006912341,0
20140731 010713243,1.10031579063,1.10067911902,0
20140731 010720993,1.10030368382,1.1006670042,0
20140731 010726743,1.10031579063,1.10067911902,0
20140731 010734493,1.10030368382,1.1006670042,0
20140731 010742993,1.10032789771,1.1006912341,0
20140731 010749993,1.10034000506,1.10070334944,0
20140731 010750243,1.10032789771,1.1006912341,0
20140731 010753243,1.10034000506,1.10070334944,0
20140731 010753493,1.10032789771,1.1006912341,0
20140731 010757493,1.10034000506,1.10070334944,0
20140731 010801993,1.10032789771,1.1006912341,0
20140731 010802227,1.10034000506,1.10070334944,0
20140731 010802493,1.10032789771,1.1006912341,0
20140731 010802743,1.10034000506,1.10070334944,0
20140731 010803743,1.10032789771,1.1006912341,0
20140731 010804993,1.10034000506,1.10070334944,0
20140731 010806493,1.10032789771,1.1006912341,0
20140731 010806993,1.10034000506,1.10070334944,0
20140731 010807243,1.10032789771,1.1006912341,0
20140731 010808993,1.10034000506,1.10070334944,0
20140731 010809243,1.10032789771,1.1006912341,0
20140731 010812743,1.10034000506,1.10070334944,0
20140731 010812993,1.10032789771,1.1006912341,0
20140731 010821493,1.10034000506,1.10070334944,0
20140731 010821977,1.10035211268,1.10071546505,0
20140731 010822243,1.10034000506,1.10070334944,0
20140731 010823493,1.10035211268,1.10071546505,0
20140731 010836993,1.10034000506,1.10070334944,0
20140731 010837243,1.10035211268,1.10071546505,0
20140731 010845743,1.10034000506,1.10070334944,0
20140731 010845993,1.10035211268,1.10071546505,0
20140731 010846743,1.10034000506,1.10070334944,0
20140731 010846993,1.10035211268,1.10071546505,0
20140731 010848743,1.10034000506,1.10070334944,0
20140731 010848993,1.10035211268,1.10071546505,0
20140731 010901993,1.10034000506,1.10070334944,0
20140731 010902243,1.10035211268,1.10071546505,0
20140731 010906493,1.10034000506,1.10070334944,0
20140731 010906743,1.10035211268,1.10071546505,0
20140731 010907243,1.10034000506,1.10070334944,0
20140731 010907493,1.10035211268,1.10071546505,0
20140731 010916493,1.10034000506,1.10070334944,0
20140731 010918743,1.10035211268,1.10071546505,0
20140731 010920243,1.10034000506,1.10070334944,0
20140731 010920493,1.10035211268,1.10071546505,0
20140731 010926243,1.10034000506,1.10070334944,0
20140731 010928493,1.10035211268,1.10071546505,0
20140731 010932743,1.10034000506,1.10070334944,0
20140731 010932993,1.10035211268,1.10071546505,0
20140731 010934243,1.10034000506,1.10070334944,0
20140731 010934493,1.10035211268,1.10071546505,0
20140731 010935993,1.10034000506,1.10070334944,0
20140731 010936743,1.10035211268,1.10071546505,0
20140731 010937743,1.10034000506,1.10070334944,0
20140731 010937993,1.10035211268,1.10071546505,0
20140731 010941243,1.10032789771,1.1006912341,0
20140731 010941493,1.10034000506,1.10070334944,0
20140731 011012243,1.10035211268,1.10071546505,0
20140731 011021977,1.10034000506,1.10070334944,0
20140731 011059273,1.10035211268,1.10071546505,0
20140731 011059523,1.10042476396,1.10078816433,0
20140731 011101507,1.10043687344,1.1008002818,0
20140731 011106757,1.10042476396,1.10078816433,0
20140731 011133787,1.10043687344,1.1008002818,0
20140731 011159537,1.1004610932,1.10082451756,0
20140731 011200287,1.10047320348,1.10083663584,0
20140731 011202037,1.10048531402,1.10084875439,0
20140731 011202287,1.10049742484,1.1008608732,0
20140731 011205033,1.10050953592,1.10087299228,0
20140731 011213033,1.10049742484,1.1008608732,0
20140731 011213283,1.10048531402,1.10084875439,0
20140731 011213533,1.10049742484,1.1008608732,0
20140731 011214283,1.10050953592,1.10087299228,0
20140731 011215033,1.10049742484,1.1008608732,0
20140731 011215283,1.10052164726,1.10088511163,0
20140731 011215533,1.10050953592,1.10087299228,0
20140731 011217033,1.10049742484,1.1008608732,0
20140731 011217283,1.10050953592,1.10087299228,0
20140731 011223783,1.10049742484,1.1008608732,0
20140731 011234533,1.10050953592,1.10087299228,0
20140731 011234783,1.10053375887,1.10089723124,0
20140731 011237533,1.10052164726,1.10088511163,0
20140731 011239033,1.10050953592,1.10087299228,0
20140731 011323033,1.10049742484,1.1008608732,0
20140731 011354783,1.10050953592,1.10087299228,0
20140731 011357033,1.10052164726,1.10088511163,0
20140731 011402033,1.10050953592,1.10087299228,0
20140731 011406533,1.10052164726,1.10088511163,0
20140731 011434017,1.10050953592,1.10087299228,0
20140731 011436017,1.10053375887,1.10089723124,0
20140731 011437017,1.10052164726,1.10088511163,0
20140731 011500517,1.10053375887,1.10089723124,0
20140731 011501517,1.10052164726,1.10088511163,0
20140731 011516283,1.10053375887,1.10089723124,0
20140731 011519017,1.10052164726,1.10088511163,0
20140731 011523517,1.10053375887,1.10089723124,0
20140731 011523767,1.10054587075,1.10090935112,0
20140731 011524267,1.10053375887,1.10089723124,0
20140731 011545767,1.1005579829,1.10092147127,0
20140731 011552783,1.10052164726,1.10088511163,0
20140731 011553033,1.10050953592,1.10087299228,0
20140731 011553533,1.10053375887,1.10089723124,0
20140731 011559283,1.10052164726,1.10088511163,0
20140731 011559783,1.10053375887,1.10089723124,0
20140731 011602783,1.10052164726,1.10088511163,0
20140731 011613033,1.10053375887,1.10089723124,0
20140731 011613283,1.10052164726,1.10088511163,0
20140731 011613783,1.10053375887,1.10089723124,0
20140731 011614033,1.10052164726,1.10088511163,0
20140731 011615033,1.10053375887,1.10089723124,0
20140731 011644033,1.10052164726,1.10088511163,0
20140731 011645533,1.10053375887,1.10089723124,0
20140731 011645783,1.10050953592,1.10087299228,0
20140731 011646047,1.10049742484,1.1008608732,0
20140731 011646797,1.10052164726,1.10088511163,0
20140731 011647283,1.10053375887,1.10089723124,0
20140731 011647533,1.10052164726,1.10088511163,0
20140731 011648783,1.10053375887,1.10089723124,0
20140731 011655033,1.10054587075,1.10090935112,0
20140731 011655283,1.10053375887,1.10089723124,0
20140731 011655533,1.10054587075,1.10090935112,0
20140731 011656283,1.1005579829,1.10092147127,0
20140731 011659767,1.10057009531,1.10093359169,0
20140731 011700033,1.1005579829,1.10092147127,0
20140731 011735783,1.10054587075,1.10090935112,0
20140731 011736533,1.1005579829,1.10092147127,0
20140731 011827283,1.10054587075,1.10090935112,0
20140731 011830047,1.10053375887,1.10089723124,0
20140731 011830297,1.10048531402,1.10084875439,0
20140731 011832033,1.10049742484,1.1008608732,0
20140731 011840033,1.1004610932,1.10082451756,0
20140731 011840283,1.10044898319,1.10081239955,0
20140731 011900533,1.1004610932,1.10082451756,0
20140731 011940533,1.10047320348,1.10083663584,0
20140731 011940797,1.10048531402,1.10084875439,0
20140731 011951033,1.10047320348,1.10083663584,0
20140731 012001780,1.10048531402,1.10084875439,0
20140731 012009030,1.10047320348,1.10083663584,0
20140731 012037530,1.1004610932,1.10082451756,0
20140731 012040047,1.10047320348,1.10083663584,0
20140731 012102530,1.10048531402,1.10084875439,0
20140731 012128047,1.10047320348,1.10083663584,0
20140731 012135797,1.10048531402,1.10084875439,0
20140731 012155547,1.10043687344,1.1008002818,0
20140731 012156030,1.1004610932,1.10082451756,0
20140731 012205063,1.10044898319,1.10081239955,0
20140731 012205797,1.1004610932,1.10082451756,0
20140731 012206063,1.10044898319,1.10081239955,0
20140731 012209547,1.10043687344,1.1008002818,0
20140731 012210297,1.10044898319,1.10081239955,0
20140731 012217313,1.1004610932,1.10082451756,0
20140731 012217563,1.10047320348,1.10083663584,0
20140731 012223547,1.10044898319,1.10081239955,0
20140731 012223797,1.1004610932,1.10082451756,0
20140731 012225047,1.10044898319,1.10081239955,0
20140731 012225280,1.10043687344,1.1008002818,0
20140731 012225797,1.10044898319,1.10081239955,0
20140731 012226547,1.1004610932,1.10082451756,0
20140731 012227797,1.10044898319,1.10081239955,0
20140731 012228297,1.10043687344,1.1008002818,0
20140731 012232530,1.10044898319,1.10081239955,0
20140731 012302297,1.1004610932,1.10082451756,0
20140731 012304030,1.10044898319,1.10081239955,0
20140731 012306030,1.1004610932,1.10082451756,0
20140731 012316810,1.10047320348,1.10083663584,0
20140731 012317047,1.1004610932,1.10082451756,0
20140731 012318297,1.10044898319,1.10081239955,0
20140731 012320047,1.1004610932,1.10082451756,0
20140731 012320797,1.10047320348,1.10083663584,0
20140731 012321547,1.1004610932,1.10082451756,0
20140731 012323547,1.10043687344,1.1008002818,0
20140731 012326547,1.10044898319,1.10081239955,0
20140731 012326797,1.1004610932,1.10082451756,0
20140731 012333047,1.10047320348,1.10083663584,0
20140731 012333297,1.1004610932,1.10082451756,0
20140731 012402297,1.10044898319,1.10081239955,0
20140731 012406547,1.1004610932,1.10082451756,0
20140731 012409547,1.10047320348,1.10083663584,0
20140731 012443047,1.1004610932,1.10082451756,0
20140731 012531297,1.10047320348,1.10083663584,0
20140731 012537547,1.1004610932,1.10082451756,0
20140731 012609547,1.10047320348,1.10083663584,0
20140731 012609797,1.1004610932,1.10082451756,0
20140731 012616047,1.10044898319,1.10081239955,0
20140731 012702043,1.1004610932,1.10082451756,0
20140731 012704793,1.10047320348,1.10083663584,0
20140731 012713293,1.1004610932,1.10082451756,0
20140731 012714793,1.10044898319,1.10081239955,0
20140731 012735543,1.10043687344,1.1008002818,0
20140731 012735793,1.10044898319,1.10081239955,0
20140731 012748293,1.10042476396,1.10078816433,0
20140731 012748543,1.10043687344,1.1008002818,0
20140731 012802043,1.10044898319,1.10081239955,0
20140731 012803043,1.10043687344,1.1008002818,0
20140731 012808043,1.10044898319,1.10081239955,0
20140731 012809043,1.10043687344,1.1008002818,0
20140731 012810043,1.10044898319,1.10081239955,0
20140731 012831277,1.1004610932,1.10082451756,0
20140731 012903293,1.10044898319,1.10081239955,0
20140731 012910543,1.1004610932,1.10082451756,0
20140731 012914543,1.10044898319,1.10081239955,0
20140731 012915543,1.1004610932,1.10082451756,0
20140731 012916543,1.10044898319,1.10081239955,0
20140731 012921793,1.1004610932,1.10082451756,0
20140731 012928043,1.10044898319,1.10081239955,0
20140731 012934293,1.1004610932,1.10082451756,0
20140731 012935293,1.10044898319,1.10081239955,0
20140731 012938793,1.10043687344,1.1008002818,0
20140731 012939293,1.10044898319,1.10081239955,0
20140731 012945543,1.10043687344,1.1008002818,0
20140731 012949043,1.10044898319,1.10081239955,0
20140731 012950043,1.10043687344,1.1008002818,0
20140731 013000043,1.10044898319,1.10081239955,0
20140731 013013293,1.10047320348,1.10083663584,0
20140731 013024043,1.10048531402,1.10084875439,0
20140731 013024527,1.10047320348,1.10083663584,0
20140731 013032793,1.10048531402,1.10084875439,0
20140731 013033027,1.10047320348,1.10083663584,0
20140731 013035043,1.10048531402,1.10084875439,0
20140731 013035293,1.10047320348,1.10083663584,0
20140731 013043043,1.10044898319,1.10081239955,0
20140731 013045043,1.1004610932,1.10082451756,0
20140731 013054043,1.10047320348,1.10083663584,0
20140731 013059543,1.10048531402,1.10084875439,0
20140731 013059793,1.10047320348,1.10083663584,0
20140731 013100043,1.10048531402,1.10084875439,0
20140731 013100793,1.10047320348,1.10083663584,0
20140731 013101043,1.10048531402,1.10084875439,0
20140731 013101793,1.10047320348,1.10083663584,0
20140731 013102043,1.10048531402,1.10084875439,0
20140731 013110543,1.10047320348,1.10083663584,0
20140731 013110793,1.1004610932,1.10082451756,0
20140731 013111293,1.10047320348,1.10083663584,0
20140731 013113543,1.1004610932,1.10082451756,0
20140731 013113793,1.10047320348,1.10083663584,0
20140731 013115793,1.1004610932,1.10082451756,0
20140731 013116043,1.10047320348,1.10083663584,0
20140731 013116293,1.1004610932,1.10082451756,0
20140731 013116543,1.10047320348,1.10083663584,0
20140731 013118043,1.1004610932,1.10082451756,0
20140731 013118293,1.10047320348,1.10083663584,0
20140731 013123807,1.1004610932,1.10082451756,0
20140731 013124543,1.10047320348,1.10083663584,0
20140731 013126043,1.1004610932,1.10082451756,0
20140731 013126293,1.10047320348,1.10083663584,0
20140731 013133293,1.10049742484,1.1008608732,0
20140731 013149543,1.10050953592,1.10087299228,0
20140731 013159043,1.10049742484,1.1008608732,0
20140731 013203043,1.10048531402,1.10084875439,0
20140731 013207793,1.10047320348,1.10083663584,0
20140731 013208057,1.10049742484,1.1008608732,0
20140731 013208277,1.10052164726,1.10088511163,0
20140731 013208527,1.10054587075,1.10090935112,0
20140731 013208793,1.10053375887,1.10089723124,0
20140731 013209043,1.10054587075,1.10090935112,0
20140731 013209293,1.10053375887,1.10089723124,0
20140731 013211293,1.10054587075,1.10090935112,0
20140731 013211543,1.10053375887,1.10089723124,0
20140731 013211793,1.10054587075,1.10090935112,0
20140731 013212293,1.10053375887,1.10089723124,0
20140731 013213043,1.10054587075,1.10090935112,0
20140731 013213293,1.1005579829,1.10092147127,0
20140731 013242543,1.10057009531,1.10093359169,0
20140731 013250057,1.10059432093,1.10095783331,0
20140731 013250293,1.10061854762,1.10098207601,0
20140731 013254543,1.10063066137,1.10099419776,0
20140731 013254793,1.10061854762,1.10098207601,0
20140731 013317543,1.10060643415,1.10096995453,0
20140731 013317793,1.10059432093,1.10095783331,0
20140731 013318043,1.10060643415,1.10096995453,0
20140731 013318293,1.10059432093,1.10095783331,0
20140731 013318793,1.10058220799,1.10094571237,0
20140731 013319293,1.10059432093,1.10095783331,0
20140731 013320793,1.10060643415,1.10096995453,0
20140731 013321043,1.10058220799,1.10094571237,0
20140731 013321293,1.10059432093,1.10095783331,0
20140731 013321793,1.10058220799,1.10094571237,0
20140731 013322043,1.10059432093,1.10095783331,0
20140731 013322293,1.10058220799,1.10094571237,0
20140731 013322543,1.10059432093,1.10095783331,0
20140731 013323043,1.10058220799,1.10094571237,0
20140731 013323293,1.10059432093,1.10095783331,0
20140731 013325043,1.10058220799,1.10094571237,0
20140731 013325293,1.10057009531,1.10093359169,0
20140731 013325793,1.10058220799,1.10094571237,0
20140731 013326293,1.10057009531,1.10093359169,0
20140731 013326543,1.10058220799,1.10094571237,0
20140731 013326793,1.10057009531,1.10093359169,0
20140731 013328543,1.10058220799,1.10094571237,0
20140731 013328793,1.1005579829,1.10092147127,0
20140731 013329057,1.10057009531,1.10093359169,0
20140731 013405793,1.10054587075,1.10090935112,0
20140731 013406293,1.10053375887,1.10089723124,0
20140731 013409043,1.10054587075,1.10090935112,0
20140731 013411543,1.10053375887,1.10089723124,0
20140731 013411793,1.10054587075,1.10090935112,0
20140731 013414543,1.1005579829,1.10092147127,0
20140731 013414793,1.10054587075,1.10090935112,0
20140731 013415043,1.1005579829,1.10092147127,0
20140731 013415293,1.10054587075,1.10090935112,0
20140731 013416293,1.1005579829,1.10092147127,0
20140731 013418043,1.10057009531,1.10093359169,0
20140731 013418417,1.10058220799,1.10094571237,0
20140731 013418543,1.10057009531,1.10093359169,0
20140731 013418793,1.10058220799,1.10094571237,0
20140731 013419043,1.10057009531,1.10093359169,0
20140731 013419293,1.10058220799,1.10094571237,0
20140731 013421793,1.10057009531,1.10093359169,0
20140731 013423793,1.10060643415,1.10096995453,0
20140731 013424293,1.10057009531,1.10093359169,0
20140731 013424543,1.10060643415,1.10096995453,0
20140731 013433540,1.10059432093,1.10095783331,0
20140731 013443040,1.10060643415,1.10096995453,0
20140731 013444040,1.10061854762,1.10098207601,0
20140731 013444540,1.10065488966,1.10101844206,0
20140731 013447540,1.10060643415,1.10096995453,0
20140731 013447790,1.10063066137,1.10099419776,0
20140731 013448040,1.10064277538,1.10100631978,0
20140731 013448290,1.10063066137,1.10099419776,0
20140731 013451040,1.10064277538,1.10100631978,0
20140731 013451290,1.10065488966,1.10101844206,0
20140731 013451790,1.10064277538,1.10100631978,0
20140731 013452040,1.10063066137,1.10099419776,0
20140731 013452290,1.10064277538,1.10100631978,0
20140731 013452790,1.10063066137,1.10099419776,0
20140731 013453790,1.10060643415,1.10096995453,0
20140731 013456790,1.10061854762,1.10098207601,0
20140731 013457540,1.10059432093,1.10095783331,0
20140731 013457790,1.10058220799,1.10094571237,0
20140731 013458290,1.10059432093,1.10095783331,0
20140731 013458540,1.10058220799,1.10094571237,0
20140731 013459290,1.10059432093,1.10095783331,0
20140731 013500040,1.10058220799,1.10094571237,0
20140731 013500540,1.10059432093,1.10095783331,0
20140731 013501540,1.10058220799,1.10094571237,0
20140731 013502040,1.10059432093,1.10095783331,0
20140731 013502290,1.10058220799,1.10094571237,0
20140731 013504540,1.10059432093,1.10095783331,0
20140731 013504790,1.10058220799,1.10094571237,0
20140731 013505290,1.10059432093,1.10095783331,0
20140731 013515790,1.10060643415,1.10096995453,0
20140731 013516027,1.10061854762,1.10098207601,0
20140731 013517027,1.10060643415,1.10096995453,0
20140731 013517277,1.10061854762,1.10098207601,0
20140731 013517527,1.10059432093,1.10095783331,0
20140731 013517777,1.10061854762,1.10098207601,0
20140731 013518527,1.10060643415,1.10096995453,0
20140731 013519027,1.10061854762,1.10098207601,0
20140731 013519790,1.10060643415,1.10096995453,0
20140731 013523027,1.10061854762,1.10098207601,0
20140731 013523277,1.10060643415,1.10096995453,0
20140731 013524027,1.10059432093,1.10095783331,0
20140731 013527777,1.10058220799,1.10094571237,0
20140731 013528527,1.10059432093,1.10095783331,0
20140731 013529027,1.10060643415,1.10096995453,0
20140731 013534027,1.10058220799,1.10094571237,0
20140731 013534527,1.10060643415,1.10096995453,0
20140731 013534790,1.10061854762,1.10098207601,0
20140731 013544540,1.10060643415,1.10096995453,0
20140731 013545027,1.10061854762,1.10098207601,0
20140731 013545527,1.10060643415,1.10096995453,0
20140731 013556290,1.10061854762,1.10098207601,0
20140731 013557027,1.10060643415,1.10096995453,0
20140731 013604527,1.10061854762,1.10098207601,0
20140731 013605027,1.10060643415,1.10096995453,0
20140731 013605277,1.10061854762,1.10098207601,0
20140731 013607290,1.10060643415,1.10096995453,0
20140731 013607527,1.10059432093,1.10095783331,0
20140731 013607777,1.10058220799,1.10094571237,0
20140731 013608027,1.10059432093,1.10095783331,0
20140731 013608277,1.10058220799,1.10094571237,0
20140731 013608527,1.10059432093,1.10095783331,0
20140731 013608777,1.10058220799,1.10094571237,0
20140731 013612277,1.10059432093,1.10095783331,0
20140731 013624527,1.10058220799,1.10094571237,0
20140731 013648290,1.10059432093,1.10095783331,0
20140731 013659540,1.10060643415,1.10096995453,0
20140731 013659790,1.10061854762,1.10098207601,0
20140731 013731557,1.10063066137,1.10099419776,0
20140731 013747040,1.10061854762,1.10098207601,0
20140731 013748040,1.10060643415,1.10096995453,0
20140731 013748290,1.10059432093,1.10095783331,0
20140731 013748540,1.10060643415,1.10096995453,0
20140731 013748790,1.10059432093,1.10095783331,0
20140731 013749040,1.10060643415,1.10096995453,0
20140731 013749290,1.10059432093,1.10095783331,0
20140731 013753040,1.10058220799,1.10094571237,0
20140731 013759290,1.10059432093,1.10095783331,0
20140731 013800540,1.10060643415,1.10096995453,0
20140731 013811290,1.10061854762,1.10098207601,0
20140731 013812290,1.10060643415,1.10096995453,0
20140731 013815290,1.10059432093,1.10095783331,0
20140731 013815557,1.10058220799,1.10094571237,0
20140731 013818290,1.10057009531,1.10093359169,0
20140731 013821790,1.1005579829,1.10092147127,0
20140731 013841790,1.10057009531,1.10093359169,0
20140731 013842040,1.1005579829,1.10092147127,0
20140731 013845040,1.10054587075,1.10090935112,0
20140731 013845290,1.10053375887,1.10089723124,0
20140731 013849040,1.10052164726,1.10088511163,0
20140731 013856540,1.10053375887,1.10089723124,0
20140731 013902290,1.10054587075,1.10090935112,0
20140731 013902540,1.1005579829,1.10092147127,0
20140731 013902790,1.10054587075,1.10090935112,0
20140731 013905290,1.1005579829,1.10092147127,0
20140731 013910790,1.10054587075,1.10090935112,0
20140731 013920040,1.1005579829,1.10092147127,0
20140731 013920540,1.10054587075,1.10090935112,0
20140731 013933290,1.10053375887,1.10089723124,0
20140731 013935540,1.10054587075,1.10090935112,0
20140731 013935790,1.10053375887,1.10089723124,0
20140731 013937790,1.10054587075,1.10090935112,0
20140731 013939290,1.10053375887,1.10089723124,0
20140731 013939540,1.10054587075,1.10090935112,0
20140731 013943290,1.1005579829,1.10092147127,0
20140731 013954040,1.10057009531,1.10093359169,0
20140731 013954307,1.10058220799,1.10094571237,0
20140731 013954540,1.10061854762,1.10098207601,0
20140731 013955540,1.10060643415,1.10096995453,0
20140731 013955790,1.10061854762,1.10098207601,0
20140731 013956040,1.10060643415,1.10096995453,0
20140731 013958290,1.10061854762,1.10098207601,0
20140731 013958540,1.10060643415,1.10096995453,0
20140731 014009790,1.10061854762,1.10098207601,0
20140731 014028540,1.10060643415,1.10096995453,0
20140731 014029540,1.10061854762,1.10098207601,0
20140731 014034790,1.10063066137,1.10099419776,0
20140731 014035040,1.10061854762,1.10098207601,0
20140731 014038290,1.10060643415,1.10096995453,0
20140731 014058540,1.10059432093,1.10095783331,0
20140731 014100790,1.10060643415,1.10096995453,0
20140731 014106040,1.10061854762,1.10098207601,0
20140731 014134790,1.10060643415,1.10096995453,0
20140731 014136040,1.10061854762,1.10098207601,0
20140731 014144040,1.10060643415,1.10096995453,0
20140731 014145790,1.10061854762,1.10098207601,0
20140731 014202790,1.10063066137,1.10099419776,0
20140731 014203040,1.10061854762,1.10098207601,0
20140731 014229037,1.10060643415,1.10096995453,0
20140731 014229287,1.10065488966,1.10101844206,0
20140731 014229787,1.1006670042,1.10103056461,0
20140731 014247037,1.10065488966,1.10101844206,0
20140731 014250037,1.1006670042,1.10103056461,0
20140731 014251037,1.10065488966,1.10101844206,0
20140731 014255537,1.10063066137,1.10099419776,0
20140731 014256287,1.10064277538,1.10100631978,0
20140731 014259787,1.10063066137,1.10099419776,0
20140731 014300037,1.10065488966,1.10101844206,0
20140731 014300287,1.10064277538,1.10100631978,0
20140731 014301787,1.10063066137,1.10099419776,0
20140731 014302287,1.10064277538,1.10100631978,0
20140731 014302537,1.1006670042,1.10103056461,0
20140731 014318287,1.10067911902,1.10104268742,0
20140731 014318537,1.1006670042,1.10103056461,0
20140731 014321537,1.10067911902,1.10104268742,0
20140731 014321787,1.1006670042,1.10103056461,0
20140731 014323537,1.10065488966,1.10101844206,0
20140731 014323787,1.1006670042,1.10103056461,0
20140731 014324037,1.10067911902,1.10104268742,0
20140731 014401803,1.1006912341,1.10105481051,0
20140731 014402053,1.10067911902,1.10104268742,0
20140731 014402553,1.10070334944,1.10106693386,0
20140731 014402787,1.1006912341,1.10105481051,0
20140731 014403787,1.10067911902,1.10104268742,0
20140731 014404037,1.1006912341,1.10105481051,0
20140731 014404787,1.10067911902,1.10104268742,0
20140731 014405037,1.1006912341,1.10105481051,0
20140731 014413787,1.10067911902,1.10104268742,0
20140731 014428787,1.1006912341,1.10105481051,0
20140731 014429037,1.10067911902,1.10104268742,0
20140731 014430537,1.1006912341,1.10105481051,0
20140731 014434037,1.10067911902,1.10104268742,0
20140731 014434537,1.1006912341,1.10105481051,0
20140731 014435537,1.10067911902,1.10104268742,0
20140731 014435787,1.1006912341,1.10105481051,0
20140731 014436037,1.10067911902,1.10104268742,0
20140731 014436537,1.1006912341,1.10105481051,0
20140731 014439537,1.1006670042,1.10103056461,0
20140731 014439787,1.10067911902,1.10104268742,0
20140731 014457037,1.1006670042,1.10103056461,0
20140731 014457287,1.10065488966,1.10101844206,0
20140731 014457537,1.1006670042,1.10103056461,0
20140731 014508287,1.10067911902,1.10104268742,0
20140731 014508787,1.1006670042,1.10103056461,0
20140731 014509023,1.10067911902,1.10104268742,0
20140731 014509537,1.1006670042,1.10103056461,0
20140731 014510037,1.10067911902,1.10104268742,0
20140731 014510287,1.1006670042,1.10103056461,0
20140731 014517037,1.10067911902,1.10104268742,0
20140731 014518023,1.1006670042,1.10103056461,0
20140731 014518287,1.10067911902,1.10104268742,0
20140731 014526037,1.1006670042,1.10103056461,0
20140731 014526287,1.10067911902,1.10104268742,0
20140731 014526773,1.1006670042,1.10103056461,0
20140731 014527037,1.10067911902,1.10104268742,0
20140731 014528287,1.1006670042,1.10103056461,0
20140731 014528787,1.10067911902,1.10104268742,0
20140731 014529037,1.1006670042,1.10103056461,0
20140731 014529537,1.10067911902,1.10104268742,0
20140731 014529787,1.1006670042,1.10103056461,0
20140731 014530287,1.10067911902,1.10104268742,0
20140731 014530537,1.1006670042,1.10103056461,0
20140731 014530787,1.10067911902,1.10104268742,0
20140731 014532037,1.1006912341,1.10105481051,0
20140731 014532787,1.10070334944,1.10106693386,0
20140731 014533037,1.1006912341,1.10105481051,0
20140731 014544537,1.10067911902,1.10104268742,0
20140731 014554787,1.1006670042,1.10103056461,0
20140731 014555287,1.10067911902,1.10104268742,0
20140731 014611787,1.1006670042,1.10103056461,0
20140731 014612037,1.10065488966,1.10101844206,0
20140731 014645520,1.1006670042,1.10103056461,0
20140731 014658287,1.10065488966,1.10101844206,0
20140731 014659770,1.10064277538,1.10100631978,0
20140731 014700020,1.10065488966,1.10101844206,0
20140731 014700520,1.10064277538,1.10100631978,0
20140731 014700770,1.10065488966,1.10101844206,0
20140731 014705270,1.10064277538,1.10100631978,0
20140731 014705520,1.10065488966,1.10101844206,0
20140731 014708520,1.10064277538,1.10100631978,0
20140731 014708787,1.10065488966,1.10101844206,0
20140731 014710520,1.10064277538,1.10100631978,0
20140731 014710787,1.10065488966,1.10101844206,0
20140731 014716037,1.1006670042,1.10103056461,0
20140731 014716520,1.10065488966,1.10101844206,0
20140731 014717020,1.1006670042,1.10103056461,0
20140731 014734520,1.10067911902,1.10104268742,0
20140731 014751787,1.1006912341,1.10105481051,0
20140731 014752037,1.10071546505,1.10107905748,0
20140731 014752287,1.1006912341,1.10105481051,0
20140731 014757787,1.10067911902,1.10104268742,0
20140731 014800020,1.1006912341,1.10105481051,0
20140731 014806287,1.10070334944,1.10106693386,0
20140731 014812037,1.10072758093,1.10109118136,0
20140731 014812537,1.10076393017,1.10112755462,0
20140731 014812787,1.10077604711,1.10113967957,0
20140731 014813037,1.10076393017,1.10112755462,0
20140731 014813537,1.10077604711,1.10113967957,0
20140731 014813787,1.10076393017,1.10112755462,0
20140731 014814037,1.10077604711,1.10113967957,0
20140731 014814537,1.10076393017,1.10112755462,0
20140731 014816287,1.10077604711,1.10113967957,0
20140731 014816770,1.10078816433,1.10115180479,0
20140731 014817037,1.10077604711,1.10113967957,0
20140731 014817287,1.10078816433,1.10115180479,0
20140731 014821770,1.10077604711,1.10113967957,0
20140731 014822037,1.10078816433,1.10115180479,0
20140731 014823787,1.10077604711,1.10113967957,0
20140731 014824037,1.10078816433,1.10115180479,0
20140731 014825037,1.10077604711,1.10113967957,0
20140731 014825287,1.10078816433,1.10115180479,0
20140731 014828787,1.10077604711,1.10113967957,0
20140731 014829037,1.10078816433,1.10115180479,0
20140731 014839537,1.10077604711,1.10113967957,0
20140731 014840037,1.10078816433,1.10115180479,0
20140731 014901020,1.10077604711,1.10113967957,0
20140731 014902037,1.10076393017,1.10112755462,0
20140731 014910787,1.10077604711,1.10113967957,0
20140731 014958787,1.10078816433,1.10115180479,0
20140731 015003037,1.10077604711,1.10113967957,0
20140731 015004287,1.10076393017,1.10112755462,0
20140731 015005787,1.10075181349,1.10111542993,0
20140731 015017537,1.10076393017,1.10112755462,0
20140731 015023787,1.10075181349,1.10111542993,0
20140731 015025037,1.10076393017,1.10112755462,0
20140731 015027037,1.10075181349,1.10111542993,0
20140731 015035037,1.10076393017,1.10112755462,0
20140731 015036770,1.10075181349,1.10111542993,0
20140731 015037537,1.10073969708,1.10110330551,0
20140731 015037787,1.10072758093,1.10109118136,0
20140731 015122300,1.10071546505,1.10107905748,0
20140731 015122550,1.10070334944,1.10106693386,0
20140731 015122787,1.1006912341,1.10105481051,0
20140731 015123037,1.10070334944,1.10106693386,0
20140731 015123287,1.1006912341,1.10105481051,0
20140731 015146287,1.10067911902,1.10104268742,0
20140731 015146787,1.1006670042,1.10103056461,0
20140731 015152537,1.10067911902,1.10104268742,0
20140731 015203537,1.1006670042,1.10103056461,0
20140731 015223287,1.10067911902,1.10104268742,0
20140731 015244533,1.1006912341,1.10105481051,0
20140731 015246520,1.10067911902,1.10104268742,0
20140731 015259270,1.1006912341,1.10105481051,0
20140731 015300020,1.10067911902,1.10104268742,0
20140731 015309533,1.1006912341,1.10105481051,0
20140731 015311520,1.10067911902,1.10104268742,0
20140731 015311783,1.1006912341,1.10105481051,0
20140731 015312020,1.10067911902,1.10104268742,0
20140731 015313020,1.1006912341,1.10105481051,0
20140731 015313270,1.10067911902,1.10104268742,0
20140731 015316020,1.1006912341,1.10105481051,0
20140731 015317270,1.10067911902,1.10104268742,0
20140731 015317520,1.1006912341,1.10105481051,0
20140731 015321520,1.10067911902,1.10104268742,0
20140731 015321783,1.1006912341,1.10105481051,0
20140731 015332020,1.10067911902,1.10104268742,0
20140731 015332270,1.1006912341,1.10105481051,0
20140731 015334020,1.10067911902,1.10104268742,0
20140731 015334270,1.1006912341,1.10105481051,0
20140731 015334520,1.10070334944,1.10106693386,0
20140731 015335020,1.1006912341,1.10105481051,0
20140731 015336520,1.10070334944,1.10106693386,0
20140731 015336770,1.1006912341,1.10105481051,0
20140731 015337520,1.10070334944,1.10106693386,0
20140731 015338270,1.1006912341,1.10105481051,0
20140731 015338520,1.10070334944,1.10106693386,0
20140731 015338783,1.1006912341,1.10105481051,0
20140731 015340020,1.10070334944,1.10106693386,0
20140731 015341020,1.1006912341,1.10105481051,0
20140731 015347767,1.10067911902,1.10104268742,0
20140731 015348017,1.1006912341,1.10105481051,0
20140731 015348267,1.10072758093,1.10109118136,0
20140731 015348517,1.10071546505,1.10107905748,0
20140731 015348767,1.10075181349,1.10111542993,0
20140731 015350017,1.10073969708,1.10110330551,0
20140731 015350283,1.10075181349,1.10111542993,0
20140731 015350767,1.10073969708,1.10110330551,0
20140731 015358017,1.10075181349,1.10111542993,0
20140731 015400017,1.10076393017,1.10112755462,0
20140731 015400267,1.10075181349,1.10111542993,0
20140731 015400783,1.10076393017,1.10112755462,0
20140731 015401017,1.10075181349,1.10111542993,0
20140731 015401767,1.10076393017,1.10112755462,0
20140731 015402017,1.10075181349,1.10111542993,0
20140731 015408017,1.10073969708,1.10110330551,0
20140731 015411017,1.10075181349,1.10111542993,0
20140731 015413017,1.10076393017,1.10112755462,0
20140731 015413533,1.10077604711,1.10113967957,0
20140731 015413783,1.10076393017,1.10112755462,0
20140731 015414267,1.10077604711,1.10113967957,0
20140731 015414517,1.10076393017,1.10112755462,0
20140731 015414783,1.10077604711,1.10113967957,0
20140731 015415017,1.10076393017,1.10112755462,0
20140731 015415267,1.10077604711,1.10113967957,0
20140731 015415517,1.10076393017,1.10112755462,0
20140731 015415783,1.10077604711,1.10113967957,0
20140731 015416017,1.10076393017,1.10112755462,0
20140731 015416783,1.10077604711,1.10113967957,0
20140731 015417017,1.10076393017,1.10112755462,0
20140731 015417783,1.10077604711,1.10113967957,0
20140731 015418017,1.10078816433,1.10115180479,0
20140731 015418517,1.10077604711,1.10113967957,0
20140731 015418767,1.10078816433,1.10115180479,0
20140731 015420017,1.10077604711,1.10113967957,0
20140731 015420517,1.10078816433,1.10115180479,0
20140731 015420767,1.1008002818,1.10116393027,0
20140731 015422783,1.10078816433,1.10115180479,0
20140731 015427033,1.1008002818,1.10116393027,0
20140731 015427283,1.10078816433,1.10115180479,0
20140731 015428783,1.1008002818,1.10116393027,0
20140731 015429283,1.10078816433,1.10115180479,0
20140731 015435050,1.1008002818,1.10116393027,0
20140731 015435283,1.10078816433,1.10115180479,0
20140731 015435533,1.10077604711,1.10113967957,0
20140731 015435783,1.10078816433,1.10115180479,0
20140731 015438283,1.1008002818,1.10116393027,0
20140731 015440283,1.10078816433,1.10115180479,0
20140731 015440533,1.1008002818,1.10116393027,0
20140731 015441017,1.10078816433,1.10115180479,0
20140731 015441283,1.1008002818,1.10116393027,0
20140731 015441517,1.10078816433,1.10115180479,0
20140731 015442267,1.1008002818,1.10116393027,0
20140731 015442517,1.10078816433,1.10115180479,0
20140731 015443283,1.10077604711,1.10113967957,0
20140731 015443393,1.10078816433,1.10115180479,0
20140731 015444283,1.10077604711,1.10113967957,0
20140731 015444517,1.10078816433,1.10115180479,0
20140731 015444783,1.1008002818,1.10116393027,0
20140731 015452267,1.10078816433,1.10115180479,0
20140731 015453783,1.10077604711,1.10113967957,0
20140731 015517017,1.10076393017,1.10112755462,0
20140731 015518283,1.10077604711,1.10113967957,0
20140731 015519017,1.10076393017,1.10112755462,0
20140731 015522783,1.10077604711,1.10113967957,0
20140731 015524783,1.10076393017,1.10112755462,0
20140731 015526283,1.10077604711,1.10113967957,0
20140731 015526517,1.10076393017,1.10112755462,0
20140731 015526783,1.10077604711,1.10113967957,0
20140731 015536267,1.10078816433,1.10115180479,0
20140731 015543033,1.10077604711,1.10113967957,0
20140731 015546517,1.10078816433,1.10115180479,0
20140731 015553283,1.10077604711,1.10113967957,0
20140731 015553533,1.10078816433,1.10115180479,0
20140731 015553783,1.10077604711,1.10113967957,0
20140731 015554533,1.10078816433,1.10115180479,0
20140731 015554783,1.10077604711,1.10113967957,0
20140731 015555033,1.10078816433,1.10115180479,0
20140731 015555533,1.10077604711,1.10113967957,0
20140731 015555783,1.10078816433,1.10115180479,0
20140731 015556783,1.10077604711,1.10113967957,0
20140731 015557033,1.10078816433,1.10115180479,0
20140731 015559533,1.10077604711,1.10113967957,0
20140731 015559783,1.10078816433,1.10115180479,0
20140731 015602033,1.10077604711,1.10113967957,0
20140731 015603533,1.10078816433,1.10115180479,0
20140731 015612283,1.10077604711,1.10113967957,0
20140731 015612533,1.10078816433,1.10115180479,0
20140731 015614033,1.10077604711,1.10113967957,0
20140731 015614533,1.10078816433,1.10115180479,0
20140731 015615017,1.10077604711,1.10113967957,0
20140731 015615283,1.10078816433,1.10115180479,0
20140731 015615533,1.10077604711,1.10113967957,0
20140731 015616033,1.10078816433,1.10115180479,0
20140731 015616300,1.10077604711,1.10113967957,0
20140731 015617267,1.10078816433,1.10115180479,0
20140731 015617783,1.10077604711,1.10113967957,0
20140731 015618033,1.10078816433,1.10115180479,0
20140731 015619033,1.10077604711,1.10113967957,0
20140731 015619283,1.10078816433,1.10115180479,0
20140731 015622283,1.1008002818,1.10116393027,0
20140731 015623033,1.10078816433,1.10115180479,0
20140731 015623283,1.1008002818,1.10116393027,0
20140731 015625033,1.10078816433,1.10115180479,0
20140731 015631783,1.1008002818,1.10116393027,0
20140731 015646283,1.10078816433,1.10115180479,0
20140731 015649033,1.1008002818,1.10116393027,0
20140731 015702017,1.10078816433,1.10115180479,0
20140731 015706267,1.1008002818,1.10116393027,0
20140731 015707033,1.10078816433,1.10115180479,0
20140731 015707283,1.1008002818,1.10116393027,0
20140731 015708033,1.10082451756,1.10118818205,0
20140731 015708283,1.10083663584,1.10120030834,0
20140731 015708533,1.10081239955,1.10117605603,0
20140731 015709783,1.10082451756,1.10118818205,0
20140731 015710033,1.10081239955,1.10117605603,0
20140731 015712533,1.1008002818,1.10116393027,0
20140731 015712783,1.10081239955,1.10117605603,0
20140731 015713017,1.1008002818,1.10116393027,0
20140731 015714533,1.10081239955,1.10117605603,0
20140731 015715283,1.1008002818,1.10116393027,0
20140731 015715533,1.10081239955,1.10117605603,0
20140731 015719047,1.10082451756,1.10118818205,0
20140731 015719283,1.10083663584,1.10120030834,0
20140731 015719533,1.10084875439,1.10121243489,0
20140731 015719783,1.1008608732,1.10122456171,0
20140731 015734033,1.10087299228,1.1012366888,0
20140731 015736783,1.1008608732,1.10122456171,0
20140731 015737033,1.10087299228,1.1012366888,0
20140731 015737783,1.1008608732,1.10122456171,0
20140731 015738017,1.10087299228,1.1012366888,0
20140731 015739033,1.1008608732,1.10122456171,0
20140731 015739783,1.10084875439,1.10121243489,0
20140731 015740033,1.1008608732,1.10122456171,0
20140731 015741283,1.10084875439,1.10121243489,0
20140731 015741517,1.1008608732,1.10122456171,0
20140731 015742017,1.10084875439,1.10121243489,0
20140731 015742283,1.1008608732,1.10122456171,0
20140731 015742533,1.10084875439,1.10121243489,0
20140731 015742783,1.1008608732,1.10122456171,0
20140731 015745033,1.10084875439,1.10121243489,0
20140731 015745783,1.1008608732,1.10122456171,0
20140731 015746033,1.10084875439,1.10121243489,0
20140731 015747267,1.1008608732,1.10122456171,0
20140731 015800533,1.10084875439,1.10121243489,0
20140731 015803533,1.1008608732,1.10122456171,0
20140731 015803783,1.10087299228,1.1012366888,0
20140731 015811297,1.10084875439,1.10121243489,0
20140731 015811547,1.1008002818,1.10116393027,0
20140731 015813533,1.10078816433,1.10115180479,0
20140731 015814033,1.1008002818,1.10116393027,0
20140731 015814533,1.10078816433,1.10115180479,0
20140731 015814783,1.1008002818,1.10116393027,0
20140731 015815033,1.10078816433,1.10115180479,0
20140731 015815283,1.1008002818,1.10116393027,0
20140731 015815533,1.10078816433,1.10115180479,0
20140731 015816783,1.1008002818,1.10116393027,0
20140731 015817033,1.10078816433,1.10115180479,0
20140731 015821767,1.1008002818,1.10116393027,0
20140731 015822047,1.10081239955,1.10117605603,0
20140731 015822283,1.10083663584,1.10120030834,0
20140731 015822533,1.10082451756,1.10118818205,0
20140731 015830033,1.10081239955,1.10117605603,0
20140731 015830283,1.1008002818,1.10116393027,0
20140731 015830533,1.10081239955,1.10117605603,0
20140731 015830783,1.1008002818,1.10116393027,0
20140731 015831033,1.10081239955,1.10117605603,0
20140731 015832283,1.1008002818,1.10116393027,0
20140731 015833533,1.10081239955,1.10117605603,0
20140731 015836033,1.1008002818,1.10116393027,0
20140731 015836533,1.10081239955,1.10117605603,0
20140731 015843033,1.10082451756,1.10118818205,0
20140731 015843297,1.10084875439,1.10121243489,0
20140731 015857783,1.1008608732,1.10122456171,0
20140731 015859047,1.10082451756,1.10118818205,0
20140731 015900533,1.10081239955,1.10117605603,0
20140731 015901283,1.1008002818,1.10116393027,0
20140731 015903283,1.10078816433,1.10115180479,0
20140731 015903533,1.1008002818,1.10116393027,0
20140731 015903783,1.10078816433,1.10115180479,0
20140731 015904033,1.1008002818,1.10116393027,0
20140731 015904283,1.10078816433,1.10115180479,0
20140731 015904533,1.1008002818,1.10116393027,0
20140731 015905283,1.10078816433,1.10115180479,0
20140731 015905783,1.1008002818,1.10116393027,0
20140731 015907033,1.10078816433,1.10115180479,0
20140731 015907283,1.1008002818,1.10116393027,0
20140731 015914283,1.10078816433,1.10115180479,0
20140731 015914533,1.1008002818,1.10116393027,0
20140731 015915283,1.10078816433,1.10115180479,0
20140731 015915533,1.1008002818,1.10116393027,0
20140731 015924533,1.10081239955,1.10117605603,0
20140731 015930283,1.10083663584,1.10120030834,0
20140731 015932767,1.10082451756,1.10118818205,0
20140731 015948017,1.10081239955,1.10117605603,0
20140731 015948767,1.10082451756,1.10118818205,0
20140731 015955267,1.10081239955,1.10117605603,0
20140731 015957017,1.10082451756,1.10118818205,0
20140731 015957267,1.10076393017,1.10112755462,0
20140731 015957767,1.10073969708,1.10110330551,0
20140731 015958033,1.10071546505,1.10107905748,0
20140731 015958283,1.1006670042,1.10103056461,0
20140731 015959767,1.10067911902,1.10104268742,0
20140731 020000283,1.1006670042,1.10103056461,0
20140731 020000547,1.10064277538,1.10100631978,0
20140731 020000783,1.10063066137,1.10099419776,0
20140731 020002047,1.1006670042,1.10103056461,0
20140731 020002267,1.10064277538,1.10100631978,0
20140731 020002517,1.10065488966,1.10101844206,0
20140731 020004533,1.1006670042,1.10103056461,0
20140731 020005283,1.10065488966,1.10101844206,0
20140731 020005783,1.1006670042,1.10103056461,0
20140731 020007047,1.10064277538,1.10100631978,0
20140731 020009267,1.10063066137,1.10099419776,0
20140731 020009783,1.10067911902,1.10104268742,0
20140731 020010283,1.10065488966,1.10101844206,0
20140731 020010533,1.1006912341,1.10105481051,0
20140731 020010783,1.10065488966,1.10101844206,0
20140731 020012767,1.10063066137,1.10099419776,0
20140731 020013017,1.10061854762,1.10098207601,0
20140731 020014017,1.10059432093,1.10095783331,0
20140731 020015517,1.10060643415,1.10096995453,0
20140731 020017783,1.10061854762,1.10098207601,0
20140731 020018033,1.10060643415,1.10096995453,0
20140731 020019033,1.10061854762,1.10098207601,0
20140731 020022033,1.10060643415,1.10096995453,0
20140731 020022267,1.10061854762,1.10098207601,0
20140731 020027267,1.10060643415,1.10096995453,0
20140731 020027517,1.10061854762,1.10098207601,0
20140731 020029783,1.10063066137,1.10099419776,0
20140731 020030033,1.10064277538,1.10100631978,0
20140731 020030283,1.10063066137,1.10099419776,0
20140731 020030517,1.10064277538,1.10100631978,0
20140731 020034267,1.10065488966,1.10101844206,0
20140731 020038530,1.10063066137,1.10099419776,0
20140731 020038797,1.10061854762,1.10098207601,0
20140731 020039030,1.10059432093,1.10095783331,0
20140731 020043267,1.10058220799,1.10094571237,0
20140731 020046780,1.10059432093,1.10095783331,0
20140731 020047030,1.10058220799,1.10094571237,0
20140731 020047280,1.10059432093,1.10095783331,0
20140731 020047517,1.10058220799,1.10094571237,0
20140731 020048530,1.10059432093,1.10095783331,0
20140731 020048780,1.10058220799,1.10094571237,0
20140731 020049530,1.10059432093,1.10095783331,0
20140731 020052530,1.10058220799,1.10094571237,0
20140731 020053780,1.10059432093,1.10095783331,0
20140731 020054030,1.10061854762,1.10098207601,0
20140731 020054530,1.10063066137,1.10099419776,0
20140731 020100530,1.10064277538,1.10100631978,0
20140731 020100780,1.10063066137,1.10099419776,0
20140731 020101530,1.10064277538,1.10100631978,0
20140731 020101780,1.10063066137,1.10099419776,0
20140731 020102030,1.10060643415,1.10096995453,0
20140731 020110030,1.10059432093,1.10095783331,0
20140731 020113280,1.10058220799,1.10094571237,0
20140731 020117280,1.10059432093,1.10095783331,0
20140731 020117530,1.10058220799,1.10094571237,0
20140731 020117780,1.10059432093,1.10095783331,0
20140731 020118280,1.10058220799,1.10094571237,0
20140731 020118530,1.10059432093,1.10095783331,0
20140731 020118780,1.10058220799,1.10094571237,0
20140731 020119530,1.10059432093,1.10095783331,0
20140731 020121297,1.10061854762,1.10098207601,0
20140731 020121797,1.10063066137,1.10099419776,0
20140731 020124030,1.10061854762,1.10098207601,0
20140731 020126030,1.10060643415,1.10096995453,0
20140731 020126280,1.10061854762,1.10098207601,0
20140731 020128280,1.10064277538,1.10100631978,0
20140731 020128530,1.10063066137,1.10099419776,0
20140731 020128780,1.10064277538,1.10100631978,0
20140731 020129030,1.10063066137,1.10099419776,0
20140731 020129780,1.10061854762,1.10098207601,0
20140731 020130030,1.10063066137,1.10099419776,0
20140731 020130280,1.10061854762,1.10098207601,0
20140731 020130780,1.10063066137,1.10099419776,0
20140731 020135267,1.10064277538,1.10100631978,0
20140731 020136017,1.10063066137,1.10099419776,0
20140731 020139517,1.10064277538,1.10100631978,0
20140731 020143407,1.10060643415,1.10096995453,0
20140731 020143517,1.10061854762,1.10098207601,0
20140731 020143780,1.10063066137,1.10099419776,0
20140731 020144267,1.10064277538,1.10100631978,0
20140731 020144517,1.10063066137,1.10099419776,0
20140731 020144767,1.10064277538,1.10100631978,0
20140731 020146267,1.10063066137,1.10099419776,0
20140731 020146780,1.10064277538,1.10100631978,0
20140731 020147530,1.10063066137,1.10099419776,0
20140731 020148030,1.10061854762,1.10098207601,0
20140731 020150267,1.10060643415,1.10096995453,0
20140731 020150780,1.10059432093,1.10095783331,0
20140731 020151017,1.10058220799,1.10094571237,0
20140731 020151517,1.10059432093,1.10095783331,0
20140731 020153530,1.10058220799,1.10094571237,0
20140731 020155030,1.10059432093,1.10095783331,0
20140731 020155780,1.10058220799,1.10094571237,0
20140731 020158797,1.10059432093,1.10095783331,0
20140731 020159030,1.10058220799,1.10094571237,0
20140731 020212030,1.10057009531,1.10093359169,0
20140731 020220267,1.1005579829,1.10092147127,0
20140731 020229780,1.10057009531,1.10093359169,0
20140731 020230030,1.1005579829,1.10092147127,0
20140731 020230280,1.10057009531,1.10093359169,0
20140731 020233030,1.1005579829,1.10092147127,0
20140731 020234517,1.10054587075,1.10090935112,0
20140731 020235047,1.10052164726,1.10088511163,0
20140731 020235280,1.10050953592,1.10087299228,0
20140731 020236530,1.10052164726,1.10088511163,0
20140731 020236780,1.10050953592,1.10087299228,0
20140731 020237780,1.10052164726,1.10088511163,0
20140731 020240047,1.10050953592,1.10087299228,0
20140731 020240297,1.10048531402,1.10084875439,0
20140731 020241267,1.10047320348,1.10083663584,0
20140731 020241767,1.10048531402,1.10084875439,0
20140731 020242267,1.10049742484,1.1008608732,0
20140731 020242517,1.10048531402,1.10084875439,0
20140731 020251017,1.10049742484,1.1008608732,0
20140731 020251517,1.10050953592,1.10087299228,0
20140731 020251780,1.10052164726,1.10088511163,0
20140731 020252017,1.1005579829,1.10092147127,0
20140731 020301517,1.10054587075,1.10090935112,0
20140731 020301780,1.1005579829,1.10092147127,0
20140731 020304780,1.10057009531,1.10093359169,0
20140731 020305767,1.10058220799,1.10094571237,0
20140731 020308530,1.10057009531,1.10093359169,0
20140731 020318767,1.10058220799,1.10094571237,0
20140731 020323280,1.10059432093,1.10095783331,0
20140731 020326780,1.10058220799,1.10094571237,0
20140731 020327030,1.10059432093,1.10095783331,0
20140731 020333030,1.10058220799,1.10094571237,0
20140731 020334030,1.10059432093,1.10095783331,0
20140731 020334780,1.10058220799,1.10094571237,0
20140731 020335030,1.10059432093,1.10095783331,0
20140731 020338780,1.10058220799,1.10094571237,0
20140731 020339030,1.10059432093,1.10095783331,0
20140731 020343030,1.10058220799,1.10094571237,0
20140731 020344280,1.10057009531,1.10093359169,0
20140731 020344780,1.10058220799,1.10094571237,0
20140731 020345267,1.10057009531,1.10093359169,0
20140731 020349517,1.10058220799,1.10094571237,0
20140731 020349780,1.10057009531,1.10093359169,0
20140731 020402030,1.10058220799,1.10094571237,0
20140731 020402280,1.10057009531,1.10093359169,0
20140731 020402530,1.1005579829,1.10092147127,0
20140731 020402767,1.10057009531,1.10093359169,0
20140731 020403280,1.1005579829,1.10092147127,0
20140731 020403780,1.10057009531,1.10093359169,0
20140731 020409030,1.10058220799,1.10094571237,0
20140731 020410530,1.10057009531,1.10093359169,0
20140731 020415780,1.1005579829,1.10092147127,0
20140731 020416047,1.10054587075,1.10090935112,0
20140731 020416530,1.1005579829,1.10092147127,0
20140731 020416780,1.10057009531,1.10093359169,0
20140731 020417047,1.1005579829,1.10092147127,0
20140731 020417547,1.10057009531,1.10093359169,0
20140731 020418047,1.1005579829,1.10092147127,0
20140731 020421780,1.10057009531,1.10093359169,0
20140731 020422030,1.1005579829,1.10092147127,0
20140731 020422530,1.10057009531,1.10093359169,0
20140731 020422780,1.1005579829,1.10092147127,0
20140731 020423047,1.10053375887,1.10089723124,0
20140731 020428797,1.10057009531,1.10093359169,0
20140731 020432280,1.1005579829,1.10092147127,0
20140731 020432530,1.10057009531,1.10093359169,0
20140731 020437280,1.1005579829,1.10092147127,0
20140731 020442013,1.10057009531,1.10093359169,0
20140731 020442513,1.1005579829,1.10092147127,0
20140731 020442780,1.10057009531,1.10093359169,0
20140731 020455280,1.1005579829,1.10092147127,0
20140731 020455513,1.10054587075,1.10090935112,0
20140731 020455763,1.10053375887,1.10089723124,0
20140731 020456013,1.10054587075,1.10090935112,0
20140731 020500280,1.1005579829,1.10092147127,0
20140731 020501280,1.10054587075,1.10090935112,0
20140731 020503513,1.1005579829,1.10092147127,0
20140731 020503780,1.10057009531,1.10093359169,0
20140731 020517530,1.10058220799,1.10094571237,0
20140731 020521530,1.10057009531,1.10093359169,0
20140731 020526530,1.10058220799,1.10094571237,0
20140731 020527030,1.10057009531,1.10093359169,0
20140731 020527280,1.10058220799,1.10094571237,0
20140731 020618280,1.10057009531,1.10093359169,0
20140731 020619797,1.1005579829,1.10092147127,0
20140731 020620030,1.10053375887,1.10089723124,0
20140731 020624280,1.1005579829,1.10092147127,0
20140731 020634030,1.10054587075,1.10090935112,0
20140731 020634763,1.10053375887,1.10089723124,0
20140731 020636030,1.10054587075,1.10090935112,0
20140731 020636530,1.10053375887,1.10089723124,0
20140731 020644280,1.10054587075,1.10090935112,0
20140731 020645530,1.10053375887,1.10089723124,0
20140731 020647280,1.10054587075,1.10090935112,0
20140731 020648530,1.10053375887,1.10089723124,0
20140731 020649030,1.10054587075,1.10090935112,0
20140731 020651530,1.10053375887,1.10089723124,0
20140731 020651780,1.10054587075,1.10090935112,0
20140731 020653780,1.10053375887,1.10089723124,0
20140731 020655030,1.10052164726,1.10088511163,0
20140731 020655280,1.10053375887,1.10089723124,0
20140731 020655530,1.10054587075,1.10090935112,0
20140731 020655780,1.10053375887,1.10089723124,0
20140731 020704530,1.10054587075,1.10090935112,0
20140731 020706280,1.10053375887,1.10089723124,0
20140731 020708530,1.10054587075,1.10090935112,0
20140731 020710280,1.1005579829,1.10092147127,0
20140731 020712280,1.10057009531,1.10093359169,0
20140731 020723530,1.1005579829,1.10092147127,0
20140731 020736280,1.10054587075,1.10090935112,0
20140731 020739043,1.10053375887,1.10089723124,0
20140731 020743780,1.10052164726,1.10088511163,0
20140731 020746280,1.10050953592,1.10087299228,0
20140731 020754280,1.10052164726,1.10088511163,0
20140731 020754530,1.10050953592,1.10087299228,0
20140731 020756030,1.10052164726,1.10088511163,0
20140731 020802530,1.10050953592,1.10087299228,0
20140731 020803030,1.10049742484,1.1008608732,0
20140731 020816780,1.10053375887,1.10089723124,0
20140731 020837543,1.10054587075,1.10090935112,0
20140731 020853277,1.1005579829,1.10092147127,0
20140731 020901527,1.10054587075,1.10090935112,0
20140731 020905793,1.10053375887,1.10089723124,0
20140731 020906043,1.10049742484,1.1008608732,0
20140731 020906293,1.10053375887,1.10089723124,0
20140731 020906527,1.10050953592,1.10087299228,0
20140731 020908543,1.10052164726,1.10088511163,0
20140731 020909027,1.10050953592,1.10087299228,0
20140731 020909543,1.10052164726,1.10088511163,0
20140731 020910277,1.10053375887,1.10089723124,0
20140731 020910527,1.10054587075,1.10090935112,0
20140731 020911013,1.10053375887,1.10089723124,0
20140731 020920527,1.10052164726,1.10088511163,0
20140731 020923027,1.10050953592,1.10087299228,0
20140731 020928027,1.10049742484,1.1008608732,0
20140731 020928277,1.10050953592,1.10087299228,0
20140731 020928527,1.10049742484,1.1008608732,0
20140731 020929027,1.10050953592,1.10087299228,0
20140731 020930527,1.10049742484,1.1008608732,0
20140731 020944277,1.10050953592,1.10087299228,0
20140731 020944527,1.10049742484,1.1008608732,0
20140731 020945777,1.10048531402,1.10084875439,0
20140731 020946027,1.10047320348,1.10083663584,0
20140731 020950277,1.1004610932,1.10082451756,0
20140731 020956527,1.10047320348,1.10083663584,0
20140731 021004277,1.10048531402,1.10084875439,0
20140731 021006527,1.10044898319,1.10081239955,0
20140731 021006777,1.10047320348,1.10083663584,0
20140731 021007027,1.10049742484,1.1008608732,0
20140731 021009527,1.10047320348,1.10083663584,0
20140731 021009777,1.1004610932,1.10082451756,0
20140731 021010027,1.10047320348,1.10083663584,0
20140731 021012777,1.10048531402,1.10084875439,0
20140731 021013277,1.10049742484,1.1008608732,0
20140731 021018277,1.10050953592,1.10087299228,0
20140731 021018777,1.10048531402,1.10084875439,0
20140731 021019013,1.10049742484,1.1008608732,0
20140731 021021513,1.10050953592,1.10087299228,0
20140731 021034013,1.10049742484,1.1008608732,0
20140731 021038763,1.10048531402,1.10084875439,0
20140731 021039013,1.10047320348,1.10083663584,0
20140731 021039263,1.10048531402,1.10084875439,0
20140731 021041013,1.10047320348,1.10083663584,0
20140731 021044013,1.10048531402,1.10084875439,0
20140731 021044277,1.10047320348,1.10083663584,0
20140731 021049277,1.10048531402,1.10084875439,0
20140731 021052513,1.10047320348,1.10083663584,0
20140731 021054013,1.1004610932,1.10082451756,0
20140731 021054263,1.10047320348,1.10083663584,0
20140731 021057527,1.1004610932,1.10082451756,0
20140731 021102527,1.10044898319,1.10081239955,0
20140731 021108013,1.1004610932,1.10082451756,0
20140731 021108277,1.10044898319,1.10081239955,0
20140731 021108777,1.1004610932,1.10082451756,0
20140731 021109013,1.10044898319,1.10081239955,0
20140731 021109263,1.10043687344,1.1008002818,0
20140731 021109763,1.10044898319,1.10081239955,0
20140731 021110027,1.10043687344,1.1008002818,0
20140731 021110277,1.10044898319,1.10081239955,0
20140731 021110527,1.10043687344,1.1008002818,0
20140731 021111027,1.10044898319,1.10081239955,0
20140731 021111277,1.10043687344,1.1008002818,0
20140731 021113013,1.10044898319,1.10081239955,0
20140731 021113263,1.10043687344,1.1008002818,0
20140731 021113527,1.10044898319,1.10081239955,0
20140731 021113763,1.10043687344,1.1008002818,0
20140731 021114027,1.10044898319,1.10081239955,0
20140731 021114277,1.10043687344,1.1008002818,0
20140731 021114777,1.10044898319,1.10081239955,0
20140731 021120527,1.10043687344,1.1008002818,0
20140731 021121777,1.10044898319,1.10081239955,0
20140731 021122513,1.10043687344,1.1008002818,0
20140731 021122777,1.10044898319,1.10081239955,0
20140731 021123027,1.10043687344,1.1008002818,0
20140731 021129027,1.10044898319,1.10081239955,0
20140731 021129277,1.10043687344,1.1008002818,0
20140731 021129777,1.10044898319,1.10081239955,0
20140731 021156027,1.10043687344,1.1008002818,0
20140731 021158777,1.10044898319,1.10081239955,0
20140731 021159260,1.10043687344,1.1008002818,0
20140731 021200527,1.10044898319,1.10081239955,0
20140731 021201760,1.10043687344,1.1008002818,0
20140731 021202010,1.10044898319,1.10081239955,0
20140731 021203277,1.10043687344,1.1008002818,0
20140731 021203527,1.10044898319,1.10081239955,0
20140731 021205527,1.10043687344,1.1008002818,0
20140731 021205777,1.10044898319,1.10081239955,0
20140731 021211027,1.10043687344,1.1008002818,0
20140731 021211293,1.10044898319,1.10081239955,0
20140731 021211543,1.10043687344,1.1008002818,0
20140731 021212527,1.10044898319,1.10081239955,0
20140731 021213277,1.10043687344,1.1008002818,0
20140731 021213777,1.10042476396,1.10078816433,0
20140731 021218277,1.10043687344,1.1008002818,0
20140731 021219543,1.10042476396,1.10078816433,0
20140731 021219777,1.10038843712,1.10075181349,0
20140731 021220043,1.1003763287,1.10073969708,0
20140731 021232277,1.10035211268,1.10071546505,0
20140731 021232527,1.1003763287,1.10073969708,0
20140731 021236277,1.10035211268,1.10071546505,0
20140731 021236527,1.1003763287,1.10073969708,0
20140731 021237527,1.10038843712,1.10075181349,0
20140731 021237777,1.1003763287,1.10073969708,0
20140731 021238277,1.10038843712,1.10075181349,0
20140731 021241527,1.1003763287,1.10073969708,0
20140731 021241777,1.10038843712,1.10075181349,0
20140731 021245777,1.1003763287,1.10073969708,0
20140731 021247027,1.10038843712,1.10075181349,0
20140731 021247527,1.1003763287,1.10073969708,0
20140731 021248027,1.10036422056,1.10072758093,0
20140731 021250027,1.1003763287,1.10073969708,0
20140731 021250527,1.10036422056,1.10072758093,0
20140731 021254277,1.1003763287,1.10073969708,0
20140731 021259527,1.10036422056,1.10072758093,0
20140731 021300027,1.1003763287,1.10073969708,0
20140731 021300277,1.10036422056,1.10072758093,0
20140731 021304027,1.1003763287,1.10073969708,0
20140731 021307027,1.10036422056,1.10072758093,0
20140731 021307777,1.1003763287,1.10073969708,0
20140731 021313527,1.10036422056,1.10072758093,0
20140731 021314027,1.1003763287,1.10073969708,0
20140731 021315527,1.10036422056,1.10072758093,0
20140731 021317277,1.1003763287,1.10073969708,0
20140731 021320277,1.10036422056,1.10072758093,0
20140731 021321277,1.1003763287,1.10073969708,0
20140731 021322777,1.10036422056,1.10072758093,0
20140731 021333027,1.1003763287,1.10073969708,0
20140731 021333277,1.10036422056,1.10072758093,0
20140731 021335277,1.10035211268,1.10071546505,0
20140731 021342777,1.1003763287,1.10073969708,0
20140731 021346277,1.1004005458,1.10076393017,0
20140731 021347777,1.10038843712,1.10075181349,0
20140731 021348027,1.1003763287,1.10073969708,0
20140731 021356010,1.10038843712,1.10075181349,0
20140731 021356293,1.1003763287,1.10073969708,0
20140731 021356510,1.10035211268,1.10071546505,0
20140731 021359760,1.10034000506,1.10070334944,0
20140731 021411543,1.10032789771,1.1006912341,0
20140731 021411793,1.10034000506,1.10070334944,0
20140731 021412527,1.10032789771,1.1006912341,0
20140731 021412777,1.10034000506,1.10070334944,0
20140731 021413527,1.10032789771,1.1006912341,0
20140731 021413777,1.10034000506,1.10070334944,0
20140731 021414277,1.10032789771,1.1006912341,0
20140731 021415277,1.10034000506,1.10070334944,0
20140731 021421027,1.10035211268,1.10071546505,0
20140731 021422027,1.10034000506,1.10070334944,0
20140731 021431277,1.10032789771,1.1006912341,0
20140731 021433277,1.10031579063,1.10067911902,0
20140731 021436027,1.10032789771,1.1006912341,0
20140731 021439277,1.10031579063,1.10067911902,0
20140731 021449527,1.10032789771,1.1006912341,0
20140731 021450543,1.10034000506,1.10070334944,0
20140731 021451527,1.10035211268,1.10071546505,0
20140731 021453027,1.10034000506,1.10070334944,0
20140731 021453277,1.10035211268,1.10071546505,0
20140731 021455043,1.10036422056,1.10072758093,0
20140731 021455277,1.10035211268,1.10071546505,0
20140731 021457777,1.10036422056,1.10072758093,0
20140731 021458277,1.10035211268,1.10071546505,0
20140731 021500543,1.10036422056,1.10072758093,0
20140731 021500777,1.10035211268,1.10071546505,0
20140731 021503527,1.10036422056,1.10072758093,0
20140731 021508527,1.1003763287,1.10073969708,0
20140731 021508777,1.10036422056,1.10072758093,0
20140731 021516027,1.10035211268,1.10071546505,0
20140731 021516277,1.10036422056,1.10072758093,0
20140731 021521277,1.10035211268,1.10071546505,0
20140731 021530027,1.10034000506,1.10070334944,0
20140731 021534027,1.10032789771,1.1006912341,0
20140731 021546777,1.10031579063,1.10067911902,0
20140731 021550277,1.10032789771,1.1006912341,0
20140731 021550527,1.10031579063,1.10067911902,0
20140731 021553527,1.10032789771,1.1006912341,0
20140731 021554027,1.10031579063,1.10067911902,0
20140731 021554277,1.10032789771,1.1006912341,0
20140731 021558540,1.10030368382,1.1006670042,0
20140731 021558777,1.10031579063,1.10067911902,0
20140731 021602027,1.10030368382,1.1006670042,0
20140731 021602277,1.10031579063,1.10067911902,0
20140731 021608277,1.10030368382,1.1006670042,0
20140731 021608527,1.10031579063,1.10067911902,0
20140731 021609527,1.10030368382,1.1006670042,0
20140731 021612777,1.10031579063,1.10067911902,0
20140731 021614777,1.10030368382,1.1006670042,0
20140731 021615777,1.10031579063,1.10067911902,0
20140731 021617527,1.10032789771,1.1006912341,0
20140731 021617777,1.10034000506,1.10070334944,0
20140731 021618777,1.10032789771,1.1006912341,0
20140731 021619777,1.10034000506,1.10070334944,0
20140731 021622527,1.10032789771,1.1006912341,0
20140731 021623777,1.10031579063,1.10067911902,0
20140731 021626027,1.10030368382,1.1006670042,0
20140731 021642027,1.10031579063,1.10067911902,0
20140731 021643277,1.10030368382,1.1006670042,0
20140731 021645777,1.10031579063,1.10067911902,0
20140731 021703790,1.10032789771,1.1006912341,0
20140731 021707527,1.10034000506,1.10070334944,0
20140731 021708027,1.10035211268,1.10071546505,0
20140731 021709527,1.10034000506,1.10070334944,0
20140731 021711510,1.10035211268,1.10071546505,0
20140731 021711777,1.10036422056,1.10072758093,0
20140731 021713040,1.10038843712,1.10075181349,0
20140731 021713277,1.10041265475,1.10077604711,0
20140731 021721777,1.10042476396,1.10078816433,0
20140731 021723790,1.10043687344,1.1008002818,0
20140731 021724027,1.10044898319,1.10081239955,0
20140731 021724290,1.10048531402,1.10084875439,0
20140731 021724540,1.10049742484,1.1008608732,0
20140731 021724790,1.10048531402,1.10084875439,0
20140731 021725040,1.10047320348,1.10083663584,0
20140731 021725777,1.1004610932,1.10082451756,0
20140731 021726277,1.10047320348,1.10083663584,0
20140731 021726540,1.10048531402,1.10084875439,0
20140731 021735027,1.10049742484,1.1008608732,0
20140731 021736277,1.10048531402,1.10084875439,0
20140731 021759527,1.10050953592,1.10087299228,0
20140731 021801527,1.10049742484,1.1008608732,0
20140731 021801777,1.10047320348,1.10083663584,0
20140731 021804510,1.10048531402,1.10084875439,0
20140731 021804777,1.10047320348,1.10083663584,0
20140731 021805027,1.10048531402,1.10084875439,0
20140731 021806277,1.10049742484,1.1008608732,0
20140731 021807777,1.10048531402,1.10084875439,0
20140731 021808027,1.10049742484,1.1008608732,0
20140731 021808277,1.10048531402,1.10084875439,0
20140731 021808527,1.10049742484,1.1008608732,0
20140731 021810277,1.10048531402,1.10084875439,0
20140731 021810510,1.10047320348,1.10083663584,0
20140731 021811527,1.10048531402,1.10084875439,0
20140731 021811777,1.10047320348,1.10083663584,0
20140731 021820527,1.10048531402,1.10084875439,0
20140731 021829027,1.10049742484,1.1008608732,0
20140731 021829277,1.10052164726,1.10088511163,0
20140731 021829527,1.10050953592,1.10087299228,0
20140731 021829777,1.10052164726,1.10088511163,0
20140731 021831277,1.10050953592,1.10087299228,0
20140731 021843290,1.10049742484,1.1008608732,0
20140731 021843527,1.10048531402,1.10084875439,0
20140731 021900273,1.10049742484,1.1008608732,0
20140731 021902523,1.10050953592,1.10087299228,0
20140731 021908260,1.10049742484,1.1008608732,0
20140731 021909773,1.10050953592,1.10087299228,0
20140731 021914773,1.10049742484,1.1008608732,0
20140731 021915023,1.10050953592,1.10087299228,0
20140731 021915273,1.10049742484,1.1008608732,0
20140731 021915523,1.10050953592,1.10087299228,0
20140731 021923290,1.10048531402,1.10084875439,0
20140731 021923540,1.10044898319,1.10081239955,0
20140731 021923773,1.10042476396,1.10078816433,0
20140731 021942760,1.10041265475,1.10077604711,0
20140731 021943010,1.10042476396,1.10078816433,0
20140731 021947507,1.10043687344,1.1008002818,0
20140731 021953040,1.10044898319,1.10081239955,0
20140731 021953273,1.1004610932,1.10082451756,0
20140731 021958290,1.10043687344,1.1008002818,0
20140731 021958523,1.10042476396,1.10078816433,0
20140731 022000523,1.10043687344,1.1008002818,0
20140731 022002023,1.10042476396,1.10078816433,0
20140731 022009023,1.10043687344,1.1008002818,0
20140731 022009523,1.10044898319,1.10081239955,0
20140731 022011773,1.10042476396,1.10078816433,0
20140731 022012273,1.10043687344,1.1008002818,0
20140731 022012523,1.10042476396,1.10078816433,0
20140731 022018523,1.10041265475,1.10077604711,0
20140731 022028773,1.1004005458,1.10076393017,0
20140731 022029273,1.10042476396,1.10078816433,0
20140731 022030273,1.10041265475,1.10077604711,0
20140731 022034773,1.10042476396,1.10078816433,0
20140731 022037273,1.10041265475,1.10077604711,0
20140731 022040273,1.10042476396,1.10078816433,0
20140731 022044523,1.10041265475,1.10077604711,0
20140731 022045040,1.10042476396,1.10078816433,0
20140731 022047023,1.10041265475,1.10077604711,0
20140731 022049773,1.1004005458,1.10076393017,0
20140731 022050023,1.10041265475,1.10077604711,0
20140731 022050523,1.1004005458,1.10076393017,0
20140731 022051040,1.10038843712,1.10075181349,0
20140731 022051290,1.10035211268,1.10071546505,0
20140731 022051773,1.10034000506,1.10070334944,0
20140731 022055523,1.10032789771,1.1006912341,0
20140731 022055773,1.10031579063,1.10067911902,0
20140731 022100523,1.10030368382,1.1006670042,0
20140731 022107257,1.10031579063,1.10067911902,0
20140731 022112523,1.10032789771,1.1006912341,0
20140731 022113023,1.10034000506,1.10070334944,0
20140731 022113773,1.10032789771,1.1006912341,0
20140731 022117523,1.10034000506,1.10070334944,0
20140731 022118040,1.10036422056,1.10072758093,0
20140731 022118290,1.1004005458,1.10076393017,0
20140731 022118540,1.10043687344,1.1008002818,0
20140731 022119773,1.10042476396,1.10078816433,0
20140731 022121757,1.10041265475,1.10077604711,0
20140731 022129773,1.10042476396,1.10078816433,0
20140731 022130773,1.10041265475,1.10077604711,0
20140731 022131773,1.10042476396,1.10078816433,0
20140731 022135007,1.10041265475,1.10077604711,0
20140731 022135273,1.10042476396,1.10078816433,0
20140731 022136523,1.10043687344,1.1008002818,0
20140731 022203773,1.10042476396,1.10078816433,0
20140731 022205790,1.10043687344,1.1008002818,0
20140731 022206303,1.10044898319,1.10081239955,0
20140731 022206773,1.10043687344,1.1008002818,0
20140731 022212023,1.10042476396,1.10078816433,0
20140731 022222290,1.10041265475,1.10077604711,0
20140731 022222540,1.1003763287,1.10073969708,0
20140731 022223023,1.10038843712,1.10075181349,0
20140731 022223273,1.1003763287,1.10073969708,0
20140731 022253023,1.10036422056,1.10072758093,0
20140731 022253273,1.1003763287,1.10073969708,0
20140731 022254273,1.10036422056,1.10072758093,0
20140731 022254523,1.1003763287,1.10073969708,0
20140731 022256023,1.10036422056,1.10072758093,0
20140731 022256273,1.1003763287,1.10073969708,0
20140731 022256523,1.10036422056,1.10072758093,0
20140731 022256773,1.1003763287,1.10073969708,0
20140731 022257023,1.10036422056,1.10072758093,0
20140731 022258273,1.1003763287,1.10073969708,0
20140731 022258523,1.10036422056,1.10072758093,0
20140731 022300523,1.1003763287,1.10073969708,0
20140731 022301023,1.10036422056,1.10072758093,0
20140731 022301273,1.1003763287,1.10073969708,0
20140731 022303773,1.10036422056,1.10072758093,0
20140731 022304023,1.1003763287,1.10073969708,0
20140731 022304273,1.10036422056,1.10072758093,0
20140731 022305023,1.1003763287,1.10073969708,0
20140731 022305273,1.10036422056,1.10072758093,0
20140731 022305773,1.1003763287,1.10073969708,0
20140731 022307023,1.10036422056,1.10072758093,0
20140731 022307273,1.1003763287,1.10073969708,0
20140731 022307523,1.10036422056,1.10072758093,0
20140731 022308023,1.10035211268,1.10071546505,0
20140731 022308773,1.10036422056,1.10072758093,0
20140731 022310523,1.10035211268,1.10071546505,0
20140731 022311273,1.10036422056,1.10072758093,0
20140731 022311773,1.10035211268,1.10071546505,0
20140731 022315023,1.10036422056,1.10072758093,0
20140731 022317273,1.10035211268,1.10071546505,0
20140731 022317523,1.10036422056,1.10072758093,0
20140731 022317773,1.10035211268,1.10071546505,0
20140731 022318023,1.10036422056,1.10072758093,0
20140731 022319523,1.10035211268,1.10071546505,0
20140731 022321273,1.10036422056,1.10072758093,0
20140731 022321523,1.10035211268,1.10071546505,0
20140731 022322537,1.10036422056,1.10072758093,0
20140731 022324523,1.1003763287,1.10073969708,0
20140731 022324773,1.10036422056,1.10072758093,0
20140731 022328273,1.1003763287,1.10073969708,0
20140731 022328523,1.10038843712,1.10075181349,0
20140731 022328773,1.1003763287,1.10073969708,0
20140731 022330523,1.10036422056,1.10072758093,0
20140731 022332523,1.1003763287,1.10073969708,0
20140731 022332787,1.10038843712,1.10075181349,0
20140731 022333037,1.1004005458,1.10076393017,0
20140731 022342523,1.10038843712,1.10075181349,0
20140731 022355023,1.1004005458,1.10076393017,0
20140731 022357773,1.10038843712,1.10075181349,0
20140731 022404537,1.1003763287,1.10073969708,0
20140731 022404787,1.10036422056,1.10072758093,0
20140731 022405273,1.1003763287,1.10073969708,0
20140731 022406023,1.10038843712,1.10075181349,0
20140731 022413523,1.10041265475,1.10077604711,0
20140731 022414523,1.10042476396,1.10078816433,0
20140731 022415523,1.10041265475,1.10077604711,0
20140731 022416773,1.10042476396,1.10078816433,0
20140731 022423507,1.10043687344,1.1008002818,0
20140731 022424523,1.1004610932,1.10082451756,0
20140731 022425273,1.10044898319,1.10081239955,0
20140731 022425523,1.1004610932,1.10082451756,0
20140731 022426523,1.10044898319,1.10081239955,0
20140731 022429273,1.10043687344,1.1008002818,0
20140731 022429523,1.10044898319,1.10081239955,0
20140731 022429773,1.10043687344,1.1008002818,0
20140731 022435037,1.10042476396,1.10078816433,0
20140731 022435273,1.10043687344,1.1008002818,0
20140731 022436273,1.10042476396,1.10078816433,0
20140731 022437523,1.10043687344,1.1008002818,0
20140731 022438023,1.10042476396,1.10078816433,0
20140731 022438273,1.10043687344,1.1008002818,0
20140731 022438523,1.10042476396,1.10078816433,0
20140731 022439023,1.10043687344,1.1008002818,0
20140731 022439773,1.10044898319,1.10081239955,0
20140731 022440023,1.10043687344,1.1008002818,0
20140731 022440273,1.10044898319,1.10081239955,0
20140731 022444023,1.1004610932,1.10082451756,0
20140731 022501273,1.10047320348,1.10083663584,0
20140731 022502523,1.1004610932,1.10082451756,0
20140731 022514537,1.10044898319,1.10081239955,0
20140731 022515023,1.10043687344,1.1008002818,0
20140731 022515523,1.10044898319,1.10081239955,0
20140731 022523523,1.10043687344,1.1008002818,0
20140731 022524523,1.10042476396,1.10078816433,0
20140731 022526023,1.10043687344,1.1008002818,0
20140731 022526273,1.10042476396,1.10078816433,0
20140731 022526773,1.10043687344,1.1008002818,0
20140731 022527023,1.10042476396,1.10078816433,0
20140731 022534523,1.10041265475,1.10077604711,0
20140731 022534773,1.10042476396,1.10078816433,0
20140731 022535273,1.10041265475,1.10077604711,0
20140731 022542773,1.1004005458,1.10076393017,0
20140731 022557773,1.10041265475,1.10077604711,0
20140731 022558773,1.1004005458,1.10076393017,0
20140731 022607273,1.10041265475,1.10077604711,0
20140731 022610023,1.1004005458,1.10076393017,0
20140731 022613523,1.10041265475,1.10077604711,0
20140731 022614273,1.1004005458,1.10076393017,0
20140731 022618287,1.10038843712,1.10075181349,0
20140731 022623507,1.10036422056,1.10072758093,0
20140731 022623787,1.10034000506,1.10070334944,0
20140731 022624273,1.10035211268,1.10071546505,0
20140731 022638020,1.10034000506,1.10070334944,0
20140731 022640520,1.10032789771,1.1006912341,0
20140731 022645020,1.10031579063,1.10067911902,0
20140731 022646020,1.10032789771,1.1006912341,0
20140731 022648270,1.10031579063,1.10067911902,0
20140731 022656787,1.10032789771,1.1006912341,0
20140731 022657520,1.10031579063,1.10067911902,0
20140731 022700520,1.10030368382,1.1006670042,0
20140731 022701020,1.10031579063,1.10067911902,0
20140731 022712270,1.10030368382,1.1006670042,0
20140731 022712770,1.10031579063,1.10067911902,0
20140731 022713020,1.10030368382,1.1006670042,0
20140731 022715787,1.10031579063,1.10067911902,0
20140731 022716520,1.10030368382,1.1006670042,0
20140731 022717770,1.10031579063,1.10067911902,0
20140731 022718537,1.10030368382,1.1006670042,0
20140731 022719020,1.10029157727,1.10065488966,0
20140731 022728520,1.10027947099,1.10064277538,0
20140731 022736020,1.10029157727,1.10065488966,0
20140731 022746520,1.10027947099,1.10064277538,0
20140731 022746770,1.10026736497,1.10063066137,0
20140731 022747257,1.10025525922,1.10061854762,0
20140731 022747520,1.10023104852,1.10059432093,0
20140731 022747757,1.10024315374,1.10060643415,0
20140731 022748270,1.10023104852,1.10059432093,0
20140731 022751520,1.10024315374,1.10060643415,0
