TIME,MIN,MAX,OTHER
20140801 000101917,1.338720,1.338890,0
20140801 000102167,1.338710,1.338880,0
20140801 000107167,1.338700,1.338870,0
20140801 000107917,1.338710,1.338880,0
20140801 000114667,1.338700,1.338870,0
20140801 000116933,1.338660,1.338830,0
20140801 000117183,1.338670,1.338840,0
20140801 000117433,1.338660,1.338830,0
20140801 000117683,1.338670,1.338840,0
20140801 000117933,1.338650,1.338820,0
20140801 000118183,1.338670,1.338840,0
20140801 000118433,1.338680,1.338850,0
20140801 000118683,1.338670,1.338840,0
20140801 000140933,1.338680,1.338850,0
20140801 000142183,1.338670,1.338840,0
20140801 000142433,1.338680,1.338850,0
20140801 000155683,1.338690,1.338860,0
20140801 000157433,1.338710,1.338880,0
20140801 000157683,1.338700,1.338870,0
20140801 000206933,1.338710,1.338880,0
20140801 000207433,1.338720,1.338890,0
20140801 000213933,1.338710,1.338880,0
20140801 000246917,1.338700,1.338870,0
20140801 000247417,1.338680,1.338850,0
20140801 000247667,1.338670,1.338840,0
20140801 000247917,1.338680,1.338850,0
20140801 000455167,1.338690,1.338860,0
20140801 000513667,1.338680,1.338850,0
20140801 000513917,1.338690,1.338860,0
20140801 000540183,1.338680,1.338850,0
20140801 000541433,1.338670,1.338840,0
20140801 000541933,1.338680,1.338850,0
20140801 000544433,1.338670,1.338840,0
20140801 000544933,1.338680,1.338850,0
20140801 000545433,1.338670,1.338840,0
20140801 000620447,1.338680,1.338850,0
20140801 000621447,1.338670,1.338840,0
20140801 000742197,1.338680,1.338850,0
20140801 000742697,1.338670,1.338840,0
20140801 000809947,1.338660,1.338830,0
20140801 000811197,1.338670,1.338840,0
20140801 000901447,1.338630,1.338800,0
20140801 000901680,1.338640,1.338810,0
20140801 000901930,1.338630,1.338800,0
20140801 000903680,1.338620,1.338790,0
20140801 000904180,1.338610,1.338780,0
20140801 000904680,1.338620,1.338790,0
20140801 000916930,1.338630,1.338800,0
20140801 000917680,1.338620,1.338790,0
20140801 000918180,1.338630,1.338800,0
20140801 000926930,1.338620,1.338790,0
20140801 000940930,1.338630,1.338800,0
20140801 000943930,1.338620,1.338790,0
20140801 000944930,1.338610,1.338780,0
20140801 000945180,1.338620,1.338790,0
20140801 000945430,1.338630,1.338800,0
20140801 000948680,1.338620,1.338790,0
20140801 000948930,1.338610,1.338780,0
20140801 000950430,1.338600,1.338770,0
20140801 000953430,1.338620,1.338790,0
20140801 000959430,1.338610,1.338780,0
20140801 000959680,1.338600,1.338770,0
20140801 000959930,1.338610,1.338780,0
20140801 001000430,1.338620,1.338790,0
20140801 001000680,1.338590,1.338760,0
20140801 001000930,1.338580,1.338750,0
20140801 001001180,1.338570,1.338740,0
20140801 001002180,1.338580,1.338750,0
20140801 001002930,1.338590,1.338760,0
20140801 001004180,1.338580,1.338750,0
20140801 001019680,1.338590,1.338760,0
20140801 001031430,1.338580,1.338750,0
20140801 001044930,1.338590,1.338760,0
20140801 001045180,1.338580,1.338750,0
20140801 001050430,1.338600,1.338770,0
20140801 001055180,1.338610,1.338780,0
20140801 001101180,1.338600,1.338770,0
20140801 001101430,1.338610,1.338780,0
20140801 001103680,1.338600,1.338770,0
20140801 001105430,1.338610,1.338780,0
20140801 001117180,1.338600,1.338770,0
20140801 001119180,1.338610,1.338780,0
20140801 001120430,1.338630,1.338800,0
20140801 001202430,1.338620,1.338790,0
20140801 001342930,1.338630,1.338800,0
20140801 001357180,1.338620,1.338790,0
20140801 001414180,1.338600,1.338770,0
20140801 001414430,1.338620,1.338790,0
20140801 001438680,1.338600,1.338770,0
20140801 001438930,1.338610,1.338780,0
20140801 001439180,1.338600,1.338770,0
20140801 001444430,1.338590,1.338760,0
20140801 001444680,1.338580,1.338750,0
20140801 001534427,1.338570,1.338740,0
20140801 001534677,1.338560,1.338730,0
20140801 001534927,1.338550,1.338720,0
20140801 001538693,1.338560,1.338730,0
20140801 001600427,1.338550,1.338720,0
20140801 001602177,1.338560,1.338730,0
20140801 001603177,1.338570,1.338740,0
20140801 001603427,1.338580,1.338750,0
20140801 001605927,1.338570,1.338740,0
20140801 001608427,1.338540,1.338710,0
20140801 001609177,1.338520,1.338690,0
20140801 001609427,1.338510,1.338680,0
20140801 001609677,1.338500,1.338670,0
20140801 001609927,1.338510,1.338680,0
20140801 001612677,1.338500,1.338670,0
20140801 001637443,1.338510,1.338680,0
20140801 001650943,1.338500,1.338670,0
20140801 001702210,1.338490,1.338660,0
20140801 001705193,1.338500,1.338670,0
20140801 001712693,1.338490,1.338660,0
20140801 001717943,1.338500,1.338670,0
20140801 001721177,1.338530,1.338700,0
20140801 001721443,1.338520,1.338690,0
20140801 001721693,1.338510,1.338680,0
20140801 001721943,1.338520,1.338690,0
20140801 001723193,1.338510,1.338680,0
20140801 001731693,1.338500,1.338670,0
20140801 001733943,1.338490,1.338660,0
20140801 001734193,1.338500,1.338670,0
20140801 001759443,1.338490,1.338660,0
20140801 001811693,1.338500,1.338670,0
20140801 001816193,1.338520,1.338690,0
20140801 001816443,1.338510,1.338680,0
20140801 001843443,1.338500,1.338670,0
20140801 001851693,1.338480,1.338650,0
20140801 001851943,1.338470,1.338640,0
20140801 001906943,1.338460,1.338630,0
20140801 001922693,1.338450,1.338620,0
20140801 001923193,1.338460,1.338630,0
20140801 001953443,1.338450,1.338620,0
20140801 001958943,1.338460,1.338630,0
20140801 001959193,1.338450,1.338620,0
20140801 002001443,1.338460,1.338630,0
20140801 002054927,1.338470,1.338640,0
20140801 002227440,1.338490,1.338660,0
20140801 002227690,1.338470,1.338640,0
20140801 002237690,1.338490,1.338660,0
20140801 002237940,1.338470,1.338640,0
20140801 002342940,1.338480,1.338650,0
20140801 002348207,1.338470,1.338640,0
20140801 002348440,1.338480,1.338650,0
20140801 002433690,1.338470,1.338640,0
20140801 002538690,1.338480,1.338650,0
20140801 002542440,1.338470,1.338640,0
20140801 002627207,1.338480,1.338650,0
20140801 002635940,1.338470,1.338640,0
20140801 002702690,1.338480,1.338650,0
20140801 002703940,1.338470,1.338640,0
20140801 002804440,1.338460,1.338630,0
20140801 002811440,1.338470,1.338640,0
20140801 002818190,1.338460,1.338630,0
20140801 002838690,1.338470,1.338640,0
20140801 002849440,1.338460,1.338630,0
20140801 002917453,1.338470,1.338640,0
20140801 002918440,1.338480,1.338650,0
20140801 002921190,1.338470,1.338640,0
20140801 002922190,1.338480,1.338650,0
20140801 002923440,1.338470,1.338640,0
20140801 002923690,1.338480,1.338650,0
20140801 002927440,1.338470,1.338640,0
20140801 002930190,1.338480,1.338650,0
20140801 002930690,1.338490,1.338660,0
20140801 002930940,1.338500,1.338670,0
20140801 002931190,1.338480,1.338650,0
20140801 002931440,1.338470,1.338640,0
20140801 003008220,1.338440,1.338610,0
20140801 003008453,1.338400,1.338570,0
20140801 003008703,1.338390,1.338560,0
20140801 003008953,1.338400,1.338570,0
20140801 003016453,1.338370,1.338540,0
20140801 003016720,1.338310,1.338480,0
20140801 003016953,1.338290,1.338460,0
20140801 003017203,1.338300,1.338470,0
20140801 003020453,1.338290,1.338460,0
20140801 003037187,1.338300,1.338470,0
20140801 003043937,1.338290,1.338460,0
20140801 003044187,1.338280,1.338450,0
20140801 003044453,1.338290,1.338460,0
20140801 003044687,1.338280,1.338450,0
20140801 003044937,1.338270,1.338440,0
20140801 003052437,1.338250,1.338420,0
20140801 003052937,1.338260,1.338430,0
20140801 003053453,1.338270,1.338440,0
20140801 003054453,1.338250,1.338420,0
20140801 003054720,1.338210,1.338380,0
20140801 003054953,1.338190,1.338360,0
20140801 003055203,1.338210,1.338380,0
20140801 003109703,1.338200,1.338370,0
20140801 003112953,1.338210,1.338380,0
20140801 003118453,1.338220,1.338390,0
20140801 003121453,1.338210,1.338380,0
20140801 003130203,1.338230,1.338400,0
20140801 003130470,1.338290,1.338460,0
20140801 003130703,1.338310,1.338480,0
20140801 003130953,1.338300,1.338470,0
20140801 003131703,1.338320,1.338490,0
20140801 003132203,1.338330,1.338500,0
20140801 003134703,1.338320,1.338490,0
20140801 003135203,1.338330,1.338500,0
20140801 003136203,1.338320,1.338490,0
20140801 003142203,1.338300,1.338470,0
20140801 003142453,1.338290,1.338460,0
20140801 003148970,1.338330,1.338500,0
20140801 003149453,1.338340,1.338510,0
20140801 003152703,1.338350,1.338520,0
20140801 003153187,1.338340,1.338510,0
20140801 003153953,1.338320,1.338490,0
20140801 003154203,1.338310,1.338480,0
20140801 003155703,1.338320,1.338490,0
20140801 003200703,1.338310,1.338480,0
20140801 003200953,1.338300,1.338470,0
20140801 003205203,1.338290,1.338460,0
20140801 003205453,1.338280,1.338450,0
20140801 003215953,1.338270,1.338440,0
20140801 003216953,1.338280,1.338450,0
20140801 003217703,1.338260,1.338430,0
20140801 003217953,1.338270,1.338440,0
20140801 003218203,1.338280,1.338450,0
20140801 003224437,1.338290,1.338460,0
20140801 003224687,1.338300,1.338470,0
20140801 003227187,1.338310,1.338480,0
20140801 003228187,1.338320,1.338490,0
20140801 003228687,1.338310,1.338480,0
20140801 003257187,1.338320,1.338490,0
20140801 003305687,1.338310,1.338480,0
20140801 003306937,1.338300,1.338470,0
20140801 003314437,1.338290,1.338460,0
20140801 003355453,1.338300,1.338470,0
20140801 003355703,1.338290,1.338460,0
20140801 003356203,1.338300,1.338470,0
20140801 003357453,1.338310,1.338480,0
20140801 003357953,1.338300,1.338470,0
20140801 003400203,1.338310,1.338480,0
20140801 003400453,1.338300,1.338470,0
20140801 003405203,1.338310,1.338480,0
20140801 003405453,1.338300,1.338470,0
20140801 003406203,1.338310,1.338480,0
20140801 003410687,1.338300,1.338470,0
20140801 003411437,1.338290,1.338460,0
20140801 003412687,1.338300,1.338470,0
20140801 003412937,1.338310,1.338480,0
20140801 003414203,1.338300,1.338470,0
20140801 003414437,1.338310,1.338480,0
20140801 003415437,1.338300,1.338470,0
20140801 003419687,1.338310,1.338480,0
20140801 003432187,1.338330,1.338500,0
20140801 003449703,1.338340,1.338510,0
20140801 003506233,1.338350,1.338520,0
20140801 003506453,1.338340,1.338510,0
20140801 003513703,1.338350,1.338520,0
20140801 003513967,1.338360,1.338530,0
20140801 003514203,1.338370,1.338540,0
20140801 003528203,1.338350,1.338520,0
20140801 003532187,1.338360,1.338530,0
20140801 003532437,1.338370,1.338540,0
20140801 003555187,1.338380,1.338550,0
20140801 003637200,1.338390,1.338560,0
20140801 003716717,1.338400,1.338570,0
20140801 003723450,1.338390,1.338560,0
20140801 003729217,1.338400,1.338570,0
20140801 003732717,1.338420,1.338590,0
20140801 003732967,1.338440,1.338610,0
20140801 003733717,1.338430,1.338600,0
20140801 003737450,1.338440,1.338610,0
20140801 003744967,1.338430,1.338600,0
20140801 003747200,1.338420,1.338590,0
20140801 003747467,1.338410,1.338580,0
20140801 003752717,1.338420,1.338590,0
20140801 003756717,1.338430,1.338600,0
20140801 003757967,1.338420,1.338590,0
20140801 003822217,1.338400,1.338570,0
20140801 003823717,1.338430,1.338600,0
20140801 003823967,1.338440,1.338610,0
20140801 003824217,1.338430,1.338600,0
20140801 003824467,1.338440,1.338610,0
20140801 003826717,1.338450,1.338620,0
20140801 003826967,1.338460,1.338630,0
20140801 003832717,1.338450,1.338620,0
20140801 003833060,1.338440,1.338610,0
20140801 003833217,1.338450,1.338620,0
20140801 003833467,1.338460,1.338630,0
20140801 003903200,1.338450,1.338620,0
20140801 003913217,1.338420,1.338590,0
20140801 003933700,1.338440,1.338610,0
20140801 003935200,1.338420,1.338590,0
20140801 003935450,1.338430,1.338600,0
20140801 003953450,1.338440,1.338610,0
20140801 004000450,1.338450,1.338620,0
20140801 004000967,1.338460,1.338630,0
20140801 004001450,1.338450,1.338620,0
20140801 004020450,1.338460,1.338630,0
20140801 004025450,1.338480,1.338650,0
20140801 004025700,1.338500,1.338670,0
20140801 004025967,1.338510,1.338680,0
20140801 004032967,1.338480,1.338650,0
20140801 004033230,1.338450,1.338620,0
20140801 004038717,1.338460,1.338630,0
20140801 004047967,1.338470,1.338640,0
20140801 004053060,1.338460,1.338630,0
20140801 004102717,1.338450,1.338620,0
20140801 004132217,1.338460,1.338630,0
20140801 004138967,1.338470,1.338640,0
20140801 004156967,1.338460,1.338630,0
20140801 004202967,1.338440,1.338610,0
20140801 004219967,1.338430,1.338600,0
20140801 004220980,1.338440,1.338610,0
20140801 004228717,1.338460,1.338630,0
20140801 004328963,1.338450,1.338620,0
20140801 004354213,1.338480,1.338650,0
20140801 004354463,1.338490,1.338660,0
20140801 004416213,1.338480,1.338650,0
20140801 004419730,1.338470,1.338640,0
20140801 004420200,1.338480,1.338650,0
20140801 004443197,1.338490,1.338660,0
20140801 004545963,1.338500,1.338670,0
20140801 004554963,1.338480,1.338650,0
20140801 004555963,1.338470,1.338640,0
20140801 004558713,1.338480,1.338650,0
20140801 004619713,1.338490,1.338660,0
20140801 004630963,1.338480,1.338650,0
20140801 004704213,1.338490,1.338660,0
20140801 004741963,1.338480,1.338650,0
20140801 004745213,1.338490,1.338660,0
20140801 004816197,1.338500,1.338670,0
20140801 004817963,1.338510,1.338680,0
20140801 004847697,1.338500,1.338670,0
20140801 005053197,1.338490,1.338660,0
20140801 005315447,1.338500,1.338670,0
20140801 005346697,1.338490,1.338660,0
20140801 005355447,1.338480,1.338650,0
20140801 005356197,1.338470,1.338640,0
20140801 005403960,1.338480,1.338650,0
20140801 005416447,1.338490,1.338660,0
20140801 005458693,1.338500,1.338670,0
20140801 005538210,1.338510,1.338680,0
20140801 005541710,1.338500,1.338670,0
20140801 005546960,1.338510,1.338680,0
20140801 005552710,1.338500,1.338670,0
20140801 005558210,1.338510,1.338680,0
20140801 005602210,1.338500,1.338670,0
20140801 005806710,1.338490,1.338660,0
20140801 005807210,1.338500,1.338670,0
20140801 005814210,1.338490,1.338660,0
20140801 005814460,1.338480,1.338650,0
20140801 005837960,1.338470,1.338640,0
20140801 005912193,1.338480,1.338650,0
20140801 005912957,1.338490,1.338660,0
20140801 010116707,1.338480,1.338650,0
20140801 010120707,1.338490,1.338660,0
20140801 010300707,1.338500,1.338670,0
20140801 010304707,1.338490,1.338660,0
20140801 010326957,1.338500,1.338670,0
20140801 010401957,1.338490,1.338660,0
20140801 010425723,1.338480,1.338650,0
20140801 010435473,1.338490,1.338660,0
20140801 010439723,1.338500,1.338670,0
20140801 010501973,1.338490,1.338660,0
20140801 010505973,1.338500,1.338670,0
20140801 010549973,1.338490,1.338660,0
20140801 010606470,1.338480,1.338650,0
20140801 010617470,1.338490,1.338660,0
20140801 010632220,1.338500,1.338670,0
20140801 010656720,1.338510,1.338680,0
20140801 010656970,1.338530,1.338700,0
20140801 010657220,1.338520,1.338690,0
20140801 010736707,1.338510,1.338680,0
20140801 010823470,1.338500,1.338670,0
20140801 010848470,1.338520,1.338690,0
20140801 010849220,1.338540,1.338710,0
20140801 010915220,1.338530,1.338700,0
20140801 010915470,1.338520,1.338690,0
20140801 010917220,1.338530,1.338700,0
20140801 010917720,1.338520,1.338690,0
20140801 010917970,1.338500,1.338670,0
20140801 010920220,1.338510,1.338680,0
20140801 011026703,1.338520,1.338690,0
20140801 011033453,1.338510,1.338680,0
20140801 011044703,1.338520,1.338690,0
20140801 011044970,1.338540,1.338710,0
20140801 011045203,1.338590,1.338760,0
20140801 011045453,1.338600,1.338770,0
20140801 011045970,1.338610,1.338780,0
20140801 011048703,1.338600,1.338770,0
20140801 011053970,1.338590,1.338760,0
20140801 011059203,1.338580,1.338750,0
20140801 011100453,1.338590,1.338760,0
20140801 011112453,1.338580,1.338750,0
20140801 011126203,1.338590,1.338760,0
20140801 011126703,1.338580,1.338750,0
20140801 011128970,1.338570,1.338740,0
20140801 011129203,1.338600,1.338770,0
20140801 011129703,1.338610,1.338780,0
20140801 011130220,1.338600,1.338770,0
20140801 011135203,1.338620,1.338790,0
20140801 011135720,1.338660,1.338830,0
20140801 011135987,1.338680,1.338850,0
20140801 011136203,1.338690,1.338860,0
20140801 011137453,1.338680,1.338850,0
20140801 011142220,1.338690,1.338860,0
20140801 011143970,1.338700,1.338870,0
20140801 011144970,1.338720,1.338890,0
20140801 011145703,1.338710,1.338880,0
20140801 011147203,1.338720,1.338890,0
20140801 011147970,1.338710,1.338880,0
20140801 011243733,1.338690,1.338860,0
20140801 011244233,1.338700,1.338870,0
20140801 011249483,1.338690,1.338860,0
20140801 011309000,1.338680,1.338850,0
20140801 011318000,1.338690,1.338860,0
20140801 011352267,1.338680,1.338850,0
20140801 011406267,1.338670,1.338840,0
20140801 011406530,1.338640,1.338810,0
20140801 011406767,1.338650,1.338820,0
20140801 011407017,1.338660,1.338830,0
20140801 011407267,1.338650,1.338820,0
20140801 011407517,1.338660,1.338830,0
20140801 011427267,1.338650,1.338820,0
20140801 011427517,1.338640,1.338810,0
20140801 011427767,1.338630,1.338800,0
20140801 011435267,1.338620,1.338790,0
20140801 011437767,1.338630,1.338800,0
20140801 011517513,1.338620,1.338790,0
20140801 011517780,1.338580,1.338750,0
20140801 011518013,1.338570,1.338740,0
20140801 011518140,1.338560,1.338730,0
20140801 011518263,1.338540,1.338710,0
20140801 011525763,1.338520,1.338690,0
20140801 011526263,1.338530,1.338700,0
20140801 011532513,1.338520,1.338690,0
20140801 011550263,1.338530,1.338700,0
20140801 011607763,1.338520,1.338690,0
20140801 011616013,1.338530,1.338700,0
20140801 011620263,1.338520,1.338690,0
20140801 011641013,1.338530,1.338700,0
20140801 011655763,1.338500,1.338670,0
20140801 011708513,1.338510,1.338680,0
20140801 011841513,1.338500,1.338670,0
20140801 012212263,1.338510,1.338680,0
20140801 012220013,1.338520,1.338690,0
20140801 012223513,1.338510,1.338680,0
20140801 012224277,1.338520,1.338690,0
20140801 012224513,1.338570,1.338740,0
20140801 012224763,1.338580,1.338750,0
20140801 012225263,1.338590,1.338760,0
20140801 012226513,1.338580,1.338750,0
20140801 012226763,1.338570,1.338740,0
20140801 012229513,1.338580,1.338750,0
20140801 012230513,1.338570,1.338740,0
20140801 012230763,1.338580,1.338750,0
20140801 012242763,1.338590,1.338760,0
20140801 012243013,1.338580,1.338750,0
20140801 012243263,1.338590,1.338760,0
20140801 012247263,1.338580,1.338750,0
20140801 012322760,1.338590,1.338760,0
20140801 012325260,1.338600,1.338770,0
20140801 012333010,1.338610,1.338780,0
20140801 012348510,1.338600,1.338770,0
20140801 012349510,1.338610,1.338780,0
20140801 012400510,1.338600,1.338770,0
20140801 012401010,1.338610,1.338780,0
20140801 012402260,1.338600,1.338770,0
20140801 012403510,1.338610,1.338780,0
20140801 012406760,1.338600,1.338770,0
20140801 012408760,1.338570,1.338740,0
20140801 012409010,1.338560,1.338730,0
20140801 012411510,1.338570,1.338740,0
20140801 012411760,1.338590,1.338760,0
20140801 012427260,1.338580,1.338750,0
20140801 012430010,1.338590,1.338760,0
20140801 012433260,1.338580,1.338750,0
20140801 012439260,1.338590,1.338760,0
20140801 012439510,1.338580,1.338750,0
20140801 012442510,1.338590,1.338760,0
20140801 012442760,1.338580,1.338750,0
20140801 012458760,1.338590,1.338760,0
20140801 012513010,1.338600,1.338770,0
20140801 012514510,1.338590,1.338760,0
20140801 012552010,1.338600,1.338770,0
20140801 012552510,1.338590,1.338760,0
20140801 012557010,1.338580,1.338750,0
20140801 012621510,1.338590,1.338760,0
20140801 012646510,1.338580,1.338750,0
20140801 012748260,1.338590,1.338760,0
20140801 012748510,1.338580,1.338750,0
20140801 012841760,1.338590,1.338760,0
20140801 012842010,1.338580,1.338750,0
20140801 012854010,1.338590,1.338760,0
20140801 012903760,1.338580,1.338750,0
20140801 012919010,1.338570,1.338740,0
20140801 012921510,1.338580,1.338750,0
20140801 012933760,1.338570,1.338740,0
20140801 012934510,1.338560,1.338730,0
20140801 012938260,1.338550,1.338720,0
20140801 012938510,1.338560,1.338730,0
20140801 012938760,1.338550,1.338720,0
20140801 012948027,1.338510,1.338680,0
20140801 012948260,1.338500,1.338670,0
20140801 012952510,1.338520,1.338690,0
20140801 012954760,1.338530,1.338700,0
20140801 012956510,1.338520,1.338690,0
20140801 012957010,1.338500,1.338670,0
20140801 013007510,1.338510,1.338680,0
20140801 013037760,1.338500,1.338670,0
20140801 013038010,1.338510,1.338680,0
20140801 013038260,1.338500,1.338670,0
20140801 013114257,1.338510,1.338680,0
20140801 013120007,1.338500,1.338670,0
20140801 013124507,1.338490,1.338660,0
20140801 013128007,1.338500,1.338670,0
20140801 013235257,1.338490,1.338660,0
20140801 013237273,1.338440,1.338610,0
20140801 013237523,1.338420,1.338590,0
20140801 013238007,1.338440,1.338610,0
20140801 013238257,1.338450,1.338620,0
20140801 013255507,1.338440,1.338610,0
20140801 013257257,1.338450,1.338620,0
20140801 013302507,1.338460,1.338630,0
20140801 013302757,1.338490,1.338660,0
20140801 013303007,1.338500,1.338670,0
20140801 013303257,1.338480,1.338650,0
20140801 013313007,1.338460,1.338630,0
20140801 013313507,1.338470,1.338640,0
20140801 013314507,1.338460,1.338630,0
20140801 013315007,1.338470,1.338640,0
20140801 013330773,1.338430,1.338600,0
20140801 013331007,1.338420,1.338590,0
20140801 013334007,1.338430,1.338600,0
20140801 013335507,1.338410,1.338580,0
20140801 013340507,1.338400,1.338570,0
20140801 013346757,1.338410,1.338580,0
20140801 013347257,1.338420,1.338590,0
20140801 013348257,1.338410,1.338580,0
20140801 013348757,1.338420,1.338590,0
20140801 013412007,1.338430,1.338600,0
20140801 013412273,1.338500,1.338670,0
20140801 013423757,1.338510,1.338680,0
20140801 013424007,1.338520,1.338690,0
20140801 013426007,1.338510,1.338680,0
20140801 013454007,1.338520,1.338690,0
20140801 013454757,1.338530,1.338700,0
20140801 013455757,1.338540,1.338710,0
20140801 013456007,1.338530,1.338700,0
20140801 013457257,1.338540,1.338710,0
20140801 013502007,1.338530,1.338700,0
20140801 013509523,1.338510,1.338680,0
20140801 013509757,1.338490,1.338660,0
20140801 013510007,1.338500,1.338670,0
20140801 013521757,1.338510,1.338680,0
20140801 013522007,1.338520,1.338690,0
20140801 013522257,1.338500,1.338670,0
20140801 013524757,1.338510,1.338680,0
20140801 013525007,1.338500,1.338670,0
20140801 013526257,1.338510,1.338680,0
20140801 013532257,1.338500,1.338670,0
20140801 013601490,1.338510,1.338680,0
20140801 013605240,1.338500,1.338670,0
20140801 013622990,1.338490,1.338660,0
20140801 013627757,1.338510,1.338680,0
20140801 013628007,1.338520,1.338690,0
20140801 013644507,1.338530,1.338700,0
20140801 013652757,1.338520,1.338690,0
20140801 013741020,1.338530,1.338700,0
20140801 013757757,1.338520,1.338690,0
20140801 013758757,1.338510,1.338680,0
20140801 013826757,1.338520,1.338690,0
20140801 013832507,1.338510,1.338680,0
20140801 013844507,1.338520,1.338690,0
20140801 013952757,1.338510,1.338680,0
20140801 014001257,1.338520,1.338690,0
20140801 014006507,1.338510,1.338680,0
20140801 014007507,1.338520,1.338690,0
20140801 014008757,1.338510,1.338680,0
20140801 014018507,1.338500,1.338670,0
20140801 014018757,1.338490,1.338660,0
20140801 014019007,1.338480,1.338650,0
20140801 014020507,1.338500,1.338670,0
20140801 014021007,1.338490,1.338660,0
20140801 014055257,1.338480,1.338650,0
20140801 014108757,1.338470,1.338640,0
20140801 014109007,1.338480,1.338650,0
20140801 014121503,1.338470,1.338640,0
20140801 014123003,1.338480,1.338650,0
20140801 014123503,1.338490,1.338660,0
20140801 014125003,1.338500,1.338670,0
20140801 014125253,1.338510,1.338680,0
20140801 014125503,1.338500,1.338670,0
20140801 014136503,1.338480,1.338650,0
20140801 014139003,1.338500,1.338670,0
20140801 014139503,1.338510,1.338680,0
20140801 014143503,1.338490,1.338660,0
20140801 014143753,1.338480,1.338650,0
20140801 014145503,1.338490,1.338660,0
20140801 014145753,1.338500,1.338670,0
20140801 014146253,1.338510,1.338680,0
20140801 014149003,1.338520,1.338690,0
20140801 014149270,1.338560,1.338730,0
20140801 014152003,1.338540,1.338710,0
20140801 014152253,1.338550,1.338720,0
20140801 014154003,1.338540,1.338710,0
20140801 014204253,1.338530,1.338700,0
20140801 014204503,1.338540,1.338710,0
20140801 014232003,1.338530,1.338700,0
20140801 014233253,1.338540,1.338710,0
20140801 014233503,1.338530,1.338700,0
20140801 014254503,1.338540,1.338710,0
20140801 014302753,1.338550,1.338720,0
20140801 014303253,1.338540,1.338710,0
20140801 014303503,1.338530,1.338700,0
20140801 014303753,1.338540,1.338710,0
20140801 014304503,1.338530,1.338700,0
20140801 014304753,1.338540,1.338710,0
20140801 014311253,1.338550,1.338720,0
20140801 014311753,1.338540,1.338710,0
20140801 014312253,1.338550,1.338720,0
20140801 014312503,1.338560,1.338730,0
20140801 014312753,1.338550,1.338720,0
20140801 014314253,1.338530,1.338700,0
20140801 014331503,1.338540,1.338710,0
20140801 014331753,1.338530,1.338700,0
20140801 014332253,1.338520,1.338690,0
20140801 014343253,1.338510,1.338680,0
20140801 014344003,1.338500,1.338670,0
20140801 014344253,1.338490,1.338660,0
20140801 014350270,1.338470,1.338640,0
20140801 014350520,1.338400,1.338570,0
20140801 014350753,1.338390,1.338560,0
20140801 014351753,1.338400,1.338570,0
20140801 014352753,1.338390,1.338560,0
20140801 014423503,1.338400,1.338570,0
20140801 014426753,1.338390,1.338560,0
20140801 014551753,1.338410,1.338580,0
20140801 014551987,1.338440,1.338610,0
20140801 014552253,1.338430,1.338600,0
20140801 014552503,1.338440,1.338610,0
20140801 014554003,1.338430,1.338600,0
20140801 014554253,1.338420,1.338590,0
20140801 014630737,1.338430,1.338600,0
20140801 014630987,1.338450,1.338620,0
20140801 014631253,1.338480,1.338650,0
20140801 014631503,1.338490,1.338660,0
20140801 014642253,1.338500,1.338670,0
20140801 014646503,1.338510,1.338680,0
20140801 014647017,1.338530,1.338700,0
20140801 014647737,1.338540,1.338710,0
20140801 014652753,1.338530,1.338700,0
20140801 014653017,1.338560,1.338730,0
20140801 014653253,1.338580,1.338750,0
20140801 014653503,1.338590,1.338760,0
20140801 014713017,1.338580,1.338750,0
20140801 014713283,1.338570,1.338740,0
20140801 014716533,1.338550,1.338720,0
20140801 014716767,1.338520,1.338690,0
20140801 014717017,1.338510,1.338680,0
20140801 014730033,1.338480,1.338650,0
20140801 014730283,1.338450,1.338620,0
20140801 014730533,1.338440,1.338610,0
20140801 014749267,1.338430,1.338600,0
20140801 014802267,1.338420,1.338590,0
20140801 014802517,1.338400,1.338570,0
20140801 014812767,1.338410,1.338580,0
20140801 014813017,1.338400,1.338570,0
20140801 014845017,1.338380,1.338550,0
20140801 014900017,1.338390,1.338560,0
20140801 014900267,1.338380,1.338550,0
20140801 015024267,1.338390,1.338560,0
20140801 015041017,1.338380,1.338550,0
20140801 015048767,1.338370,1.338540,0
20140801 015049033,1.338350,1.338520,0
20140801 015050017,1.338340,1.338510,0
20140801 015053017,1.338330,1.338500,0
20140801 015053267,1.338320,1.338490,0
20140801 015054267,1.338330,1.338500,0
20140801 015055517,1.338340,1.338510,0
20140801 015055767,1.338380,1.338550,0
20140801 015100017,1.338370,1.338540,0
20140801 015107517,1.338380,1.338550,0
20140801 015251267,1.338370,1.338540,0
20140801 015301017,1.338380,1.338550,0
20140801 015333780,1.338370,1.338540,0
20140801 015334030,1.338350,1.338520,0
20140801 015334280,1.338370,1.338540,0
20140801 015334530,1.338380,1.338550,0
20140801 015415530,1.338400,1.338570,0
20140801 015431517,1.338390,1.338560,0
20140801 015509280,1.338420,1.338590,0
20140801 015509780,1.338430,1.338600,0
20140801 015510030,1.338420,1.338590,0
20140801 015510547,1.338450,1.338620,0
20140801 015511030,1.338430,1.338600,0
20140801 015511547,1.338470,1.338640,0
20140801 015511780,1.338480,1.338650,0
20140801 015517780,1.338500,1.338670,0
20140801 015518030,1.338480,1.338650,0
20140801 015525030,1.338470,1.338640,0
20140801 015525280,1.338480,1.338650,0
20140801 015539530,1.338470,1.338640,0
20140801 015541280,1.338480,1.338650,0
20140801 015554280,1.338470,1.338640,0
20140801 015554547,1.338420,1.338590,0
20140801 015555280,1.338410,1.338580,0
20140801 015556530,1.338420,1.338590,0
20140801 015557030,1.338410,1.338580,0
20140801 015557797,1.338400,1.338570,0
20140801 015614280,1.338410,1.338580,0
20140801 015620280,1.338400,1.338570,0
20140801 015624547,1.338380,1.338550,0
20140801 015624797,1.338370,1.338540,0
20140801 015636780,1.338380,1.338550,0
20140801 015651030,1.338390,1.338560,0
20140801 015655513,1.338380,1.338550,0
20140801 015658530,1.338390,1.338560,0
20140801 015702780,1.338380,1.338550,0
20140801 015705530,1.338390,1.338560,0
20140801 015708780,1.338380,1.338550,0
20140801 015819513,1.338370,1.338540,0
20140801 015822013,1.338380,1.338550,0
20140801 015825513,1.338370,1.338540,0
20140801 015853263,1.338380,1.338550,0
20140801 015942013,1.338390,1.338560,0
20140801 015942763,1.338380,1.338550,0
20140801 020026763,1.338390,1.338560,0
20140801 020027027,1.338400,1.338570,0
20140801 020036013,1.338410,1.338580,0
20140801 020037263,1.338400,1.338570,0
20140801 020038027,1.338410,1.338580,0
20140801 020038513,1.338430,1.338600,0
20140801 020038763,1.338440,1.338610,0
20140801 020039013,1.338450,1.338620,0
20140801 020044777,1.338460,1.338630,0
20140801 020045027,1.338480,1.338650,0
20140801 020045277,1.338500,1.338670,0
20140801 020101027,1.338510,1.338680,0
20140801 020102277,1.338520,1.338690,0
20140801 020103027,1.338530,1.338700,0
20140801 020104277,1.338520,1.338690,0
20140801 020110277,1.338530,1.338700,0
20140801 020110527,1.338520,1.338690,0
20140801 020114277,1.338530,1.338700,0
20140801 020114527,1.338520,1.338690,0
20140801 020114777,1.338530,1.338700,0
20140801 020115027,1.338520,1.338690,0
20140801 020120527,1.338530,1.338700,0
20140801 020120777,1.338540,1.338710,0
20140801 020125027,1.338550,1.338720,0
20140801 020126777,1.338540,1.338710,0
20140801 020128777,1.338550,1.338720,0
20140801 020129027,1.338540,1.338710,0
20140801 020129527,1.338550,1.338720,0
20140801 020134263,1.338560,1.338730,0
20140801 020134527,1.338590,1.338760,0
20140801 020140277,1.338570,1.338740,0
20140801 020140777,1.338590,1.338760,0
20140801 020156027,1.338600,1.338770,0
20140801 020202277,1.338590,1.338760,0
20140801 020205043,1.338540,1.338710,0
20140801 020205293,1.338530,1.338700,0
20140801 020205543,1.338520,1.338690,0
20140801 020206027,1.338530,1.338700,0
20140801 020206310,1.338540,1.338710,0
20140801 020211527,1.338530,1.338700,0
20140801 020211793,1.338520,1.338690,0
20140801 020237277,1.338530,1.338700,0
20140801 020237543,1.338540,1.338710,0
20140801 020241527,1.338550,1.338720,0
20140801 020242777,1.338540,1.338710,0
20140801 020246527,1.338520,1.338690,0
20140801 020251777,1.338510,1.338680,0
20140801 020252027,1.338500,1.338670,0
20140801 020257527,1.338490,1.338660,0
20140801 020257793,1.338460,1.338630,0
20140801 020258027,1.338440,1.338610,0
20140801 020258277,1.338420,1.338590,0
20140801 020258527,1.338430,1.338600,0
20140801 020258777,1.338420,1.338590,0
20140801 020300777,1.338430,1.338600,0
20140801 020301027,1.338420,1.338590,0
20140801 020303027,1.338430,1.338600,0
20140801 020303277,1.338420,1.338590,0
20140801 020304277,1.338430,1.338600,0
20140801 020308060,1.338420,1.338590,0
20140801 020311027,1.338430,1.338600,0
20140801 020317277,1.338440,1.338610,0
20140801 020323527,1.338430,1.338600,0
20140801 020326513,1.338420,1.338590,0
20140801 020343277,1.338430,1.338600,0
20140801 020344277,1.338440,1.338610,0
20140801 020345277,1.338430,1.338600,0
20140801 020349527,1.338440,1.338610,0
20140801 020355277,1.338430,1.338600,0
20140801 020358510,1.338440,1.338610,0
20140801 020400010,1.338450,1.338620,0
20140801 020404260,1.338470,1.338640,0
20140801 020404510,1.338500,1.338670,0
20140801 020404793,1.338520,1.338690,0
20140801 020405277,1.338530,1.338700,0
20140801 020406027,1.338520,1.338690,0
20140801 020407027,1.338530,1.338700,0
20140801 020411527,1.338540,1.338710,0
20140801 020412027,1.338550,1.338720,0
20140801 020415027,1.338540,1.338710,0
20140801 020415277,1.338550,1.338720,0
20140801 020425527,1.338540,1.338710,0
20140801 020437277,1.338530,1.338700,0
20140801 020442527,1.338540,1.338710,0
20140801 020454777,1.338550,1.338720,0
20140801 020457277,1.338540,1.338710,0
20140801 020503027,1.338530,1.338700,0
20140801 020507277,1.338520,1.338690,0
20140801 020511527,1.338540,1.338710,0
20140801 020511777,1.338530,1.338700,0
20140801 020513777,1.338520,1.338690,0
20140801 020515277,1.338540,1.338710,0
20140801 020516027,1.338560,1.338730,0
20140801 020516293,1.338580,1.338750,0
20140801 020516527,1.338590,1.338760,0
20140801 020517293,1.338600,1.338770,0
20140801 020537527,1.338590,1.338760,0
20140801 020537777,1.338600,1.338770,0
20140801 020547777,1.338590,1.338760,0
20140801 020548527,1.338600,1.338770,0
20140801 020557277,1.338610,1.338780,0
20140801 020557510,1.338620,1.338790,0
20140801 020621027,1.338610,1.338780,0
20140801 020622277,1.338620,1.338790,0
20140801 020622543,1.338610,1.338780,0
20140801 020623527,1.338630,1.338800,0
20140801 020623777,1.338640,1.338810,0
20140801 020636527,1.338610,1.338780,0
20140801 020636777,1.338580,1.338750,0
20140801 020637027,1.338570,1.338740,0
20140801 020637260,1.338580,1.338750,0
20140801 020640777,1.338600,1.338770,0
20140801 020641043,1.338620,1.338790,0
20140801 020641277,1.338610,1.338780,0
20140801 020643027,1.338620,1.338790,0
20140801 020643793,1.338650,1.338820,0
20140801 020644043,1.338690,1.338860,0
20140801 020647527,1.338700,1.338870,0
20140801 020649027,1.338690,1.338860,0
20140801 020654510,1.338700,1.338870,0
20140801 020655010,1.338720,1.338890,0
20140801 020655510,1.338710,1.338880,0
20140801 020700010,1.338720,1.338890,0
20140801 020700510,1.338710,1.338880,0
20140801 020710260,1.338690,1.338860,0
20140801 020710527,1.338650,1.338820,0
20140801 020710777,1.338620,1.338790,0
20140801 020711010,1.338610,1.338780,0
20140801 020711277,1.338620,1.338790,0
20140801 020711510,1.338610,1.338780,0
20140801 020711760,1.338620,1.338790,0
20140801 020713073,1.338610,1.338780,0
20140801 020736277,1.338600,1.338770,0
20140801 020737277,1.338610,1.338780,0
20140801 020737527,1.338600,1.338770,0
20140801 020739027,1.338630,1.338800,0
20140801 020739277,1.338620,1.338790,0
20140801 020739527,1.338600,1.338770,0
20140801 020742277,1.338620,1.338790,0
20140801 020743027,1.338600,1.338770,0
20140801 020744027,1.338620,1.338790,0
20140801 020744277,1.338610,1.338780,0
20140801 020744777,1.338600,1.338770,0
20140801 020746527,1.338620,1.338790,0
20140801 020808277,1.338610,1.338780,0
20140801 020808527,1.338600,1.338770,0
20140801 020808777,1.338610,1.338780,0
20140801 020809527,1.338600,1.338770,0
20140801 020809777,1.338610,1.338780,0
20140801 020810027,1.338600,1.338770,0
20140801 020811027,1.338610,1.338780,0
20140801 020814527,1.338620,1.338790,0
20140801 020821540,1.338610,1.338780,0
20140801 020822777,1.338600,1.338770,0
20140801 020823527,1.338610,1.338780,0
20140801 020824027,1.338600,1.338770,0
20140801 020825277,1.338610,1.338780,0
20140801 020825527,1.338620,1.338790,0
20140801 020830527,1.338630,1.338800,0
20140801 020841027,1.338640,1.338810,0
20140801 020850527,1.338650,1.338820,0
20140801 020853527,1.338640,1.338810,0
20140801 020905527,1.338630,1.338800,0
20140801 020914027,1.338640,1.338810,0
20140801 020916260,1.338630,1.338800,0
20140801 020918527,1.338640,1.338810,0
20140801 020924010,1.338630,1.338800,0
20140801 020928260,1.338640,1.338810,0
20140801 020939777,1.338630,1.338800,0
20140801 020940277,1.338640,1.338810,0
20140801 020946027,1.338630,1.338800,0
20140801 020951027,1.338640,1.338810,0
20140801 020959510,1.338630,1.338800,0
20140801 021001027,1.338620,1.338790,0
20140801 021006527,1.338630,1.338800,0
20140801 021015760,1.338640,1.338810,0
20140801 021021760,1.338630,1.338800,0
20140801 021031510,1.338640,1.338810,0
20140801 021034010,1.338630,1.338800,0
20140801 021038523,1.338640,1.338810,0
20140801 021045773,1.338620,1.338790,0
20140801 021046023,1.338610,1.338780,0
20140801 021046290,1.338590,1.338760,0
20140801 021046523,1.338580,1.338750,0
20140801 021046773,1.338570,1.338740,0
20140801 021052273,1.338560,1.338730,0
20140801 021052523,1.338550,1.338720,0
20140801 021052773,1.338530,1.338700,0
20140801 021058023,1.338520,1.338690,0
20140801 021058773,1.338530,1.338700,0
20140801 021112023,1.338540,1.338710,0
20140801 021117773,1.338550,1.338720,0
20140801 021120773,1.338560,1.338730,0
20140801 021121040,1.338550,1.338720,0
20140801 021121523,1.338560,1.338730,0
20140801 021122023,1.338550,1.338720,0
20140801 021125523,1.338560,1.338730,0
20140801 021133523,1.338550,1.338720,0
20140801 021134523,1.338560,1.338730,0
20140801 021150023,1.338550,1.338720,0
20140801 021156023,1.338560,1.338730,0
20140801 021158290,1.338570,1.338740,0
20140801 021158523,1.338560,1.338730,0
20140801 021200773,1.338550,1.338720,0
20140801 021228257,1.338540,1.338710,0
20140801 021228523,1.338520,1.338690,0
20140801 021230257,1.338530,1.338700,0
20140801 021230507,1.338540,1.338710,0
20140801 021231257,1.338550,1.338720,0
20140801 021240507,1.338540,1.338710,0
20140801 021242257,1.338550,1.338720,0
20140801 021243507,1.338560,1.338730,0
20140801 021258273,1.338510,1.338680,0
20140801 021258507,1.338480,1.338650,0
20140801 021258757,1.338490,1.338660,0
20140801 021259507,1.338500,1.338670,0
20140801 021301023,1.338470,1.338640,0
20140801 021301257,1.338460,1.338630,0
20140801 021301507,1.338470,1.338640,0
20140801 021310023,1.338460,1.338630,0
20140801 021314273,1.338470,1.338640,0
20140801 021314540,1.338540,1.338710,0
20140801 021314773,1.338560,1.338730,0
20140801 021319523,1.338620,1.338790,0
20140801 021319773,1.338660,1.338830,0
20140801 021320007,1.338650,1.338820,0
20140801 021320257,1.338660,1.338830,0
20140801 021329757,1.338650,1.338820,0
20140801 021330507,1.338640,1.338810,0
20140801 021331507,1.338660,1.338830,0
20140801 021332757,1.338670,1.338840,0
20140801 021334757,1.338660,1.338830,0
20140801 021335007,1.338650,1.338820,0
20140801 021343757,1.338640,1.338810,0
20140801 021352007,1.338650,1.338820,0
20140801 021357507,1.338640,1.338810,0
20140801 021414757,1.338650,1.338820,0
20140801 021422773,1.338640,1.338810,0
20140801 021423023,1.338650,1.338820,0
20140801 021429023,1.338640,1.338810,0
20140801 021429273,1.338650,1.338820,0
20140801 021431523,1.338640,1.338810,0
20140801 021435023,1.338650,1.338820,0
20140801 021436023,1.338640,1.338810,0
20140801 021436773,1.338650,1.338820,0
20140801 021447023,1.338640,1.338810,0
20140801 021448273,1.338650,1.338820,0
20140801 021448523,1.338640,1.338810,0
20140801 021449273,1.338650,1.338820,0
20140801 021452523,1.338660,1.338830,0
20140801 021512273,1.338670,1.338840,0
20140801 021513273,1.338660,1.338830,0
20140801 021518023,1.338670,1.338840,0
20140801 021518523,1.338680,1.338850,0
20140801 021521273,1.338670,1.338840,0
20140801 021521523,1.338680,1.338850,0
20140801 021521773,1.338670,1.338840,0
20140801 021527523,1.338680,1.338850,0
20140801 021530273,1.338700,1.338870,0
20140801 021530523,1.338710,1.338880,0
20140801 021532523,1.338700,1.338870,0
20140801 021537787,1.338730,1.338900,0
20140801 021538023,1.338740,1.338910,0
20140801 021538523,1.338750,1.338920,0
20140801 021553773,1.338760,1.338930,0
20140801 021554273,1.338750,1.338920,0
20140801 021555273,1.338740,1.338910,0
20140801 021556273,1.338750,1.338920,0
20140801 021556523,1.338740,1.338910,0
20140801 021557523,1.338730,1.338900,0
20140801 021558070,1.338710,1.338880,0
20140801 021603523,1.338730,1.338900,0
20140801 021618273,1.338720,1.338890,0
20140801 021625773,1.338730,1.338900,0
20140801 021629773,1.338720,1.338890,0
20140801 021631507,1.338730,1.338900,0
20140801 021641523,1.338740,1.338910,0
20140801 021655273,1.338720,1.338890,0
20140801 021655523,1.338680,1.338850,0
20140801 021655773,1.338690,1.338860,0
20140801 021656023,1.338700,1.338870,0
20140801 021656273,1.338710,1.338880,0
20140801 021656773,1.338720,1.338890,0
20140801 021701523,1.338730,1.338900,0
20140801 021736023,1.338720,1.338890,0
20140801 021736273,1.338710,1.338880,0
20140801 021740523,1.338700,1.338870,0
20140801 021740773,1.338710,1.338880,0
20140801 021742523,1.338730,1.338900,0
20140801 021742773,1.338740,1.338910,0
20140801 021743070,1.338730,1.338900,0
20140801 021745537,1.338720,1.338890,0
20140801 021746023,1.338730,1.338900,0
20140801 021759787,1.338720,1.338890,0
20140801 021801023,1.338730,1.338900,0
20140801 021804023,1.338720,1.338890,0
20140801 021804273,1.338710,1.338880,0
20140801 021804523,1.338700,1.338870,0
20140801 021804787,1.338680,1.338850,0
20140801 021805037,1.338650,1.338820,0
20140801 021805287,1.338630,1.338800,0
20140801 021805537,1.338620,1.338790,0
20140801 021805773,1.338610,1.338780,0
20140801 021810773,1.338600,1.338770,0
20140801 021812523,1.338610,1.338780,0
20140801 021813023,1.338600,1.338770,0
20140801 021818773,1.338620,1.338790,0
20140801 021819257,1.338610,1.338780,0
20140801 021826757,1.338600,1.338770,0
20140801 021828257,1.338590,1.338760,0
20140801 021839757,1.338600,1.338770,0
20140801 021843507,1.338590,1.338760,0
20140801 021859507,1.338600,1.338770,0
20140801 021905257,1.338590,1.338760,0
20140801 021920020,1.338610,1.338780,0
20140801 021920270,1.338620,1.338790,0
20140801 021920520,1.338650,1.338820,0
20140801 021920770,1.338660,1.338830,0
20140801 021921037,1.338680,1.338850,0
20140801 021921270,1.338700,1.338870,0
20140801 021922020,1.338680,1.338850,0
20140801 021922270,1.338670,1.338840,0
20140801 021922537,1.338660,1.338830,0
20140801 021922770,1.338650,1.338820,0
20140801 021924020,1.338660,1.338830,0
20140801 021924270,1.338650,1.338820,0
20140801 021931537,1.338660,1.338830,0
20140801 021931787,1.338670,1.338840,0
20140801 021932020,1.338680,1.338850,0
20140801 021932270,1.338700,1.338870,0
20140801 021935770,1.338690,1.338860,0
20140801 021936020,1.338710,1.338880,0
20140801 021936287,1.338720,1.338890,0
20140801 021938020,1.338710,1.338880,0
20140801 021938270,1.338700,1.338870,0
20140801 021938520,1.338710,1.338880,0
20140801 021938770,1.338700,1.338870,0
20140801 021940787,1.338720,1.338890,0
20140801 021941037,1.338750,1.338920,0
20140801 021942037,1.338770,1.338940,0
20140801 021942270,1.338790,1.338960,0
20140801 021942770,1.338780,1.338950,0
20140801 021943770,1.338790,1.338960,0
20140801 021944020,1.338800,1.338970,0
20140801 021944270,1.338810,1.338980,0
20140801 021947270,1.338820,1.338990,0
20140801 021947520,1.338810,1.338980,0
20140801 021953257,1.338800,1.338970,0
20140801 021953507,1.338810,1.338980,0
20140801 022010787,1.338820,1.338990,0
20140801 022011020,1.338830,1.339000,0
20140801 022011770,1.338820,1.338990,0
20140801 022014520,1.338830,1.339000,0
20140801 022016770,1.338820,1.338990,0
20140801 022027020,1.338830,1.339000,0
20140801 022027270,1.338810,1.338980,0
20140801 022027520,1.338780,1.338950,0
20140801 022027770,1.338770,1.338940,0
20140801 022028020,1.338790,1.338960,0
20140801 022028270,1.338810,1.338980,0
20140801 022029520,1.338800,1.338970,0
20140801 022117270,1.338810,1.338980,0
20140801 022117757,1.338820,1.338990,0
20140801 022130020,1.338810,1.338980,0
20140801 022130270,1.338800,1.338970,0
20140801 022200503,1.338790,1.338960,0
20140801 022201020,1.338800,1.338970,0
20140801 022231770,1.338790,1.338960,0
20140801 022232020,1.338780,1.338950,0
20140801 022232287,1.338740,1.338910,0
20140801 022232520,1.338750,1.338920,0
20140801 022232770,1.338730,1.338900,0
20140801 022233270,1.338740,1.338910,0
20140801 022240770,1.338750,1.338920,0
20140801 022241020,1.338740,1.338910,0
20140801 022248770,1.338730,1.338900,0
20140801 022257270,1.338740,1.338910,0
20140801 022307020,1.338730,1.338900,0
20140801 022307270,1.338690,1.338860,0
20140801 022307770,1.338700,1.338870,0
20140801 022308020,1.338690,1.338860,0
20140801 022310520,1.338680,1.338850,0
20140801 022310787,1.338650,1.338820,0
20140801 022328520,1.338660,1.338830,0
20140801 022329020,1.338670,1.338840,0
20140801 022329270,1.338680,1.338850,0
20140801 022330270,1.338670,1.338840,0
20140801 022332770,1.338660,1.338830,0
20140801 022337503,1.338670,1.338840,0
20140801 022353270,1.338680,1.338850,0
20140801 022353520,1.338670,1.338840,0
20140801 022353770,1.338680,1.338850,0
20140801 022354270,1.338670,1.338840,0
20140801 022425037,1.338690,1.338860,0
20140801 022425270,1.338700,1.338870,0
20140801 022425520,1.338710,1.338880,0
20140801 022429037,1.338670,1.338840,0
20140801 022432270,1.338660,1.338830,0
20140801 022435020,1.338650,1.338820,0
20140801 022435270,1.338660,1.338830,0
20140801 022439253,1.338650,1.338820,0
20140801 022440270,1.338660,1.338830,0
20140801 022457003,1.338650,1.338820,0
20140801 022458020,1.338670,1.338840,0
20140801 022459270,1.338660,1.338830,0
20140801 022511270,1.338650,1.338820,0
20140801 022512020,1.338660,1.338830,0
20140801 022513020,1.338650,1.338820,0
20140801 022513270,1.338660,1.338830,0
20140801 022513520,1.338650,1.338820,0
20140801 022515270,1.338660,1.338830,0
20140801 022515783,1.338640,1.338810,0
20140801 022516003,1.338650,1.338820,0
20140801 022517020,1.338640,1.338810,0
20140801 022517520,1.338620,1.338790,0
20140801 022517770,1.338630,1.338800,0
20140801 022545520,1.338620,1.338790,0
20140801 022549020,1.338630,1.338800,0
20140801 022553067,1.338640,1.338810,0
20140801 022554003,1.338630,1.338800,0
20140801 022555270,1.338640,1.338810,0
20140801 022558270,1.338630,1.338800,0
20140801 022656017,1.338650,1.338820,0
20140801 022656253,1.338640,1.338810,0
20140801 022659003,1.338630,1.338800,0
20140801 022708533,1.338620,1.338790,0
20140801 022708767,1.338610,1.338780,0
20140801 022711767,1.338590,1.338760,0
20140801 022712017,1.338580,1.338750,0
20140801 022712267,1.338590,1.338760,0
20140801 022712517,1.338600,1.338770,0
20140801 022714267,1.338610,1.338780,0
20140801 022724517,1.338600,1.338770,0
20140801 022725267,1.338590,1.338760,0
20140801 022726017,1.338600,1.338770,0
20140801 022730517,1.338590,1.338760,0
20140801 022735267,1.338600,1.338770,0
20140801 022736267,1.338590,1.338760,0
20140801 022741517,1.338600,1.338770,0
20140801 022804017,1.338590,1.338760,0
20140801 022804253,1.338570,1.338740,0
20140801 022806503,1.338590,1.338760,0
20140801 022806753,1.338600,1.338770,0
20140801 022807253,1.338590,1.338760,0
20140801 022811517,1.338580,1.338750,0
20140801 022811767,1.338590,1.338760,0
20140801 022815267,1.338600,1.338770,0
20140801 022821017,1.338590,1.338760,0
20140801 022822017,1.338600,1.338770,0
20140801 022825267,1.338610,1.338780,0
20140801 022825517,1.338630,1.338800,0
20140801 022826017,1.338640,1.338810,0
20140801 022828517,1.338650,1.338820,0
20140801 022830017,1.338640,1.338810,0
20140801 022830517,1.338630,1.338800,0
20140801 022832783,1.338640,1.338810,0
20140801 022834517,1.338630,1.338800,0
20140801 022838253,1.338640,1.338810,0
20140801 022839017,1.338630,1.338800,0
20140801 022840767,1.338640,1.338810,0
20140801 022847517,1.338630,1.338800,0
20140801 022906300,1.338620,1.338790,0
20140801 022906783,1.338600,1.338770,0
20140801 022907033,1.338560,1.338730,0
20140801 022907267,1.338550,1.338720,0
20140801 022923063,1.338560,1.338730,0
20140801 022923267,1.338550,1.338720,0
20140801 023015267,1.338540,1.338710,0
20140801 023018767,1.338550,1.338720,0
20140801 023020767,1.338540,1.338710,0
20140801 023022267,1.338550,1.338720,0
20140801 023029767,1.338560,1.338730,0
20140801 023034500,1.338550,1.338720,0
20140801 023036517,1.338560,1.338730,0
20140801 023036767,1.338570,1.338740,0
20140801 023037033,1.338590,1.338760,0
20140801 023041767,1.338580,1.338750,0
20140801 023042033,1.338560,1.338730,0
20140801 023042267,1.338550,1.338720,0
20140801 023048533,1.338530,1.338700,0
20140801 023049267,1.338540,1.338710,0
20140801 023050517,1.338530,1.338700,0
20140801 023100783,1.338520,1.338690,0
20140801 023101017,1.338510,1.338680,0
20140801 023101250,1.338500,1.338670,0
20140801 023103767,1.338520,1.338690,0
20140801 023112517,1.338530,1.338700,0
20140801 023112767,1.338540,1.338710,0
20140801 023126267,1.338530,1.338700,0
20140801 023126767,1.338520,1.338690,0
20140801 023127017,1.338500,1.338670,0
20140801 023129517,1.338510,1.338680,0
20140801 023134267,1.338500,1.338670,0
20140801 023144267,1.338510,1.338680,0
20140801 023146017,1.338500,1.338670,0
20140801 023206017,1.338510,1.338680,0
20140801 023211017,1.338500,1.338670,0
20140801 023218063,1.338510,1.338680,0
20140801 023218250,1.338520,1.338690,0
20140801 023218517,1.338510,1.338680,0
20140801 023220517,1.338500,1.338670,0
20140801 023220767,1.338510,1.338680,0
20140801 023225017,1.338520,1.338690,0
20140801 023225517,1.338530,1.338700,0
20140801 023229267,1.338540,1.338710,0
20140801 023230767,1.338530,1.338700,0
20140801 023245533,1.338520,1.338690,0
20140801 023245767,1.338530,1.338700,0
20140801 023248267,1.338520,1.338690,0
20140801 023248517,1.338530,1.338700,0
20140801 023303267,1.338540,1.338710,0
20140801 023317517,1.338560,1.338730,0
20140801 023322767,1.338550,1.338720,0
20140801 023324017,1.338540,1.338710,0
20140801 023326267,1.338560,1.338730,0
20140801 023415267,1.338550,1.338720,0
20140801 023429750,1.338540,1.338710,0
20140801 023435017,1.338530,1.338700,0
20140801 023435517,1.338540,1.338710,0
20140801 023443017,1.338550,1.338720,0
20140801 023443767,1.338540,1.338710,0
20140801 023445767,1.338550,1.338720,0
20140801 023446017,1.338530,1.338700,0
20140801 023504030,1.338510,1.338680,0
20140801 023504280,1.338480,1.338650,0
20140801 023504767,1.338460,1.338630,0
20140801 023509267,1.338470,1.338640,0
20140801 023511280,1.338500,1.338670,0
20140801 023514767,1.338510,1.338680,0
20140801 023515767,1.338520,1.338690,0
20140801 023518017,1.338500,1.338670,0
20140801 023520267,1.338520,1.338690,0
20140801 023520517,1.338510,1.338680,0
20140801 023520767,1.338520,1.338690,0
20140801 023521017,1.338510,1.338680,0
20140801 023527017,1.338520,1.338690,0
20140801 023535750,1.338530,1.338700,0
20140801 023540017,1.338540,1.338710,0
20140801 023541767,1.338550,1.338720,0
20140801 023559017,1.338540,1.338710,0
20140801 023559530,1.338530,1.338700,0
20140801 023559767,1.338520,1.338690,0
20140801 023605530,1.338540,1.338710,0
20140801 023621280,1.338550,1.338720,0
20140801 023621530,1.338630,1.338800,0
20140801 023621780,1.338660,1.338830,0
20140801 023623267,1.338670,1.338840,0
20140801 023623500,1.338660,1.338830,0
20140801 023635263,1.338650,1.338820,0
20140801 023645763,1.338640,1.338810,0
20140801 023649013,1.338650,1.338820,0
20140801 023649750,1.338640,1.338810,0
20140801 023650013,1.338630,1.338800,0
20140801 023650263,1.338640,1.338810,0
20140801 023650513,1.338630,1.338800,0
20140801 023651263,1.338640,1.338810,0
20140801 023651763,1.338650,1.338820,0
20140801 023653263,1.338640,1.338810,0
20140801 023653513,1.338630,1.338800,0
20140801 023653763,1.338640,1.338810,0
20140801 023655013,1.338650,1.338820,0
20140801 023657280,1.338610,1.338780,0
20140801 023657513,1.338620,1.338790,0
20140801 023658047,1.338610,1.338780,0
20140801 023659513,1.338620,1.338790,0
20140801 023701013,1.338640,1.338810,0
20140801 023701263,1.338650,1.338820,0
20140801 023711263,1.338640,1.338810,0
20140801 023713013,1.338650,1.338820,0
20140801 023722013,1.338640,1.338810,0
20140801 023732763,1.338650,1.338820,0
20140801 023733060,1.338670,1.338840,0
20140801 023733513,1.338660,1.338830,0
20140801 023738280,1.338650,1.338820,0
20140801 023738763,1.338660,1.338830,0
20140801 023740263,1.338650,1.338820,0
20140801 023749013,1.338660,1.338830,0
20140801 023801013,1.338650,1.338820,0
20140801 023822263,1.338660,1.338830,0
20140801 023827763,1.338650,1.338820,0
20140801 023828263,1.338660,1.338830,0
20140801 023837513,1.338670,1.338840,0
20140801 023840513,1.338640,1.338810,0
20140801 023850513,1.338630,1.338800,0
20140801 023851013,1.338640,1.338810,0
20140801 023900513,1.338630,1.338800,0
20140801 023900763,1.338620,1.338790,0
20140801 023901013,1.338560,1.338730,0
20140801 023901263,1.338550,1.338720,0
20140801 023901497,1.338570,1.338740,0
20140801 023901763,1.338580,1.338750,0
20140801 023901997,1.338610,1.338780,0
20140801 023902497,1.338620,1.338790,0
20140801 023903013,1.338630,1.338800,0
20140801 023908030,1.338610,1.338780,0
20140801 023908280,1.338620,1.338790,0
20140801 023908763,1.338630,1.338800,0
20140801 023919513,1.338620,1.338790,0
20140801 023921013,1.338630,1.338800,0
20140801 023921747,1.338620,1.338790,0
20140801 023928763,1.338630,1.338800,0
20140801 023933013,1.338620,1.338790,0
20140801 023939763,1.338630,1.338800,0
20140801 023948747,1.338620,1.338790,0
20140801 024002497,1.338610,1.338780,0
20140801 024005247,1.338620,1.338790,0
20140801 024031497,1.338630,1.338800,0
20140801 024034247,1.338620,1.338790,0
20140801 024100513,1.338610,1.338780,0
20140801 024101013,1.338620,1.338790,0
20140801 024109997,1.338630,1.338800,0
20140801 024114247,1.338620,1.338790,0
20140801 024134513,1.338630,1.338800,0
20140801 024140763,1.338640,1.338810,0
20140801 024141013,1.338650,1.338820,0
20140801 024141513,1.338640,1.338810,0
20140801 024149513,1.338650,1.338820,0
20140801 024151497,1.338640,1.338810,0
20140801 024155997,1.338650,1.338820,0
20140801 024207747,1.338630,1.338800,0
20140801 024208027,1.338610,1.338780,0
20140801 024208497,1.338600,1.338770,0
20140801 024209247,1.338610,1.338780,0
20140801 024209997,1.338620,1.338790,0
20140801 024230747,1.338640,1.338810,0
20140801 024230997,1.338660,1.338830,0
20140801 024231247,1.338670,1.338840,0
20140801 024234747,1.338680,1.338850,0
20140801 024235027,1.338700,1.338870,0
20140801 024235247,1.338710,1.338880,0
20140801 024238497,1.338720,1.338890,0
20140801 024238747,1.338730,1.338900,0
20140801 024239497,1.338720,1.338890,0
20140801 024239997,1.338730,1.338900,0
20140801 024240247,1.338720,1.338890,0
20140801 024240497,1.338730,1.338900,0
20140801 024244997,1.338720,1.338890,0
20140801 024245247,1.338710,1.338880,0
20140801 024247013,1.338690,1.338860,0
20140801 024247263,1.338640,1.338810,0
20140801 024247497,1.338630,1.338800,0
20140801 024247747,1.338640,1.338810,0
20140801 024248060,1.338630,1.338800,0
20140801 024249263,1.338650,1.338820,0
20140801 024249497,1.338660,1.338830,0
20140801 024249763,1.338680,1.338850,0
20140801 024249997,1.338690,1.338860,0
20140801 024250513,1.338710,1.338880,0
20140801 024250747,1.338700,1.338870,0
20140801 024255763,1.338690,1.338860,0
20140801 024256027,1.338670,1.338840,0
20140801 024256263,1.338650,1.338820,0
20140801 024257263,1.338670,1.338840,0
20140801 024257527,1.338710,1.338880,0
20140801 024258763,1.338700,1.338870,0
20140801 024300513,1.338710,1.338880,0
20140801 024301777,1.338720,1.338890,0
20140801 024302763,1.338730,1.338900,0
20140801 024303013,1.338720,1.338890,0
20140801 024303527,1.338730,1.338900,0
20140801 024305013,1.338740,1.338910,0
20140801 024305513,1.338730,1.338900,0
20140801 024306513,1.338740,1.338910,0
20140801 024311013,1.338730,1.338900,0
20140801 024315777,1.338740,1.338910,0
20140801 024316013,1.338730,1.338900,0
20140801 024316763,1.338720,1.338890,0
20140801 024319013,1.338710,1.338880,0
20140801 024322527,1.338720,1.338890,0
20140801 024322763,1.338740,1.338910,0
20140801 024323043,1.338730,1.338900,0
20140801 024328763,1.338740,1.338910,0
20140801 024329777,1.338760,1.338930,0
20140801 024330027,1.338800,1.338970,0
20140801 024330263,1.338810,1.338980,0
20140801 024336013,1.338800,1.338970,0
20140801 024337013,1.338810,1.338980,0
20140801 024337263,1.338820,1.338990,0
20140801 024338013,1.338810,1.338980,0
20140801 024339763,1.338820,1.338990,0
20140801 024344513,1.338830,1.339000,0
20140801 024344763,1.338850,1.339020,0
20140801 024345513,1.338840,1.339010,0
20140801 024348763,1.338850,1.339020,0
20140801 024354513,1.338840,1.339010,0
20140801 024357763,1.338850,1.339020,0
20140801 024401013,1.338840,1.339010,0
20140801 024405263,1.338850,1.339020,0
20140801 024405763,1.338840,1.339010,0
20140801 024409013,1.338850,1.339020,0
20140801 024414763,1.338860,1.339030,0
20140801 024433057,1.338870,1.339040,0
20140801 024433277,1.338910,1.339080,0
20140801 024433527,1.338930,1.339100,0
20140801 024433777,1.338940,1.339110,0
20140801 024438010,1.338950,1.339120,0
20140801 024442260,1.338930,1.339100,0
20140801 024442510,1.338920,1.339090,0
20140801 024442760,1.338910,1.339080,0
20140801 024453260,1.338900,1.339070,0
20140801 024453510,1.338910,1.339080,0
20140801 024455997,1.338900,1.339070,0
20140801 024458027,1.338910,1.339080,0
20140801 024458247,1.338920,1.339090,0
20140801 024459497,1.338910,1.339080,0
20140801 024459997,1.338920,1.339090,0
20140801 024502747,1.338910,1.339080,0
20140801 024503247,1.338900,1.339070,0
20140801 024504497,1.338910,1.339080,0
20140801 024504997,1.338900,1.339070,0
20140801 024512760,1.338910,1.339080,0
20140801 024513010,1.338900,1.339070,0
20140801 024532760,1.338890,1.339060,0
20140801 024533760,1.338880,1.339050,0
20140801 024535510,1.338890,1.339060,0
20140801 024536510,1.338900,1.339070,0
20140801 024537510,1.338910,1.339080,0
20140801 024539247,1.338900,1.339070,0
20140801 024540510,1.338910,1.339080,0
20140801 024540760,1.338920,1.339090,0
20140801 024541010,1.338930,1.339100,0
20140801 024541510,1.338940,1.339110,0
20140801 024542760,1.338930,1.339100,0
20140801 024544260,1.338920,1.339090,0
20140801 024544527,1.338940,1.339110,0
20140801 024544760,1.338950,1.339120,0
20140801 024553760,1.338940,1.339110,0
20140801 024555010,1.338950,1.339120,0
20140801 024559510,1.338940,1.339110,0
20140801 024600260,1.338930,1.339100,0
20140801 024600760,1.338920,1.339090,0
20140801 024601260,1.338910,1.339080,0
20140801 024601760,1.338900,1.339070,0
20140801 024602260,1.338910,1.339080,0
20140801 024604277,1.338900,1.339070,0
20140801 024615260,1.338890,1.339060,0
20140801 024615510,1.338900,1.339070,0
20140801 024615760,1.338910,1.339080,0
20140801 024616010,1.338900,1.339070,0
20140801 024616247,1.338890,1.339060,0
20140801 024616510,1.338900,1.339070,0
20140801 024618760,1.338890,1.339060,0
20140801 024620260,1.338900,1.339070,0
20140801 024620510,1.338910,1.339080,0
20140801 024621510,1.338900,1.339070,0
20140801 024622260,1.338910,1.339080,0
20140801 024624260,1.338920,1.339090,0
20140801 024631260,1.338900,1.339070,0
20140801 024631510,1.338880,1.339050,0
20140801 024635760,1.338890,1.339060,0
20140801 024637010,1.338870,1.339040,0
20140801 024637760,1.338880,1.339050,0
20140801 024639527,1.338870,1.339040,0
20140801 024640777,1.338840,1.339010,0
20140801 024641027,1.338820,1.338990,0
20140801 024641260,1.338840,1.339010,0
20140801 024642760,1.338830,1.339000,0
20140801 024644510,1.338820,1.338990,0
20140801 024645277,1.338830,1.339000,0
20140801 024647510,1.338820,1.338990,0
20140801 024651010,1.338810,1.338980,0
20140801 024651760,1.338820,1.338990,0
20140801 024652260,1.338830,1.339000,0
20140801 024653510,1.338810,1.338980,0
20140801 024653760,1.338800,1.338970,0
20140801 024654010,1.338790,1.338960,0
20140801 024655010,1.338800,1.338970,0
20140801 024657010,1.338810,1.338980,0
20140801 024659260,1.338800,1.338970,0
20140801 024703510,1.338790,1.338960,0
20140801 024704510,1.338800,1.338970,0
20140801 024714010,1.338790,1.338960,0
20140801 024721760,1.338800,1.338970,0
20140801 024735997,1.338790,1.338960,0
20140801 024738497,1.338780,1.338950,0
20140801 024738747,1.338790,1.338960,0
20140801 024739010,1.338780,1.338950,0
20140801 024746747,1.338790,1.338960,0
20140801 024748010,1.338780,1.338950,0
20140801 024749497,1.338770,1.338940,0
20140801 024749997,1.338780,1.338950,0
20140801 024752497,1.338770,1.338940,0
20140801 024753497,1.338780,1.338950,0
20140801 024758010,1.338770,1.338940,0
20140801 024801743,1.338780,1.338950,0
20140801 024802243,1.338770,1.338940,0
20140801 024809277,1.338750,1.338920,0
20140801 024809493,1.338730,1.338900,0
20140801 024810510,1.338720,1.338890,0
20140801 024811010,1.338730,1.338900,0
20140801 024815010,1.338740,1.338910,0
20140801 024815760,1.338730,1.338900,0
20140801 024816510,1.338740,1.338910,0
20140801 024816760,1.338730,1.338900,0
20140801 024823760,1.338710,1.338880,0
20140801 024824760,1.338720,1.338890,0
20140801 024835010,1.338730,1.338900,0
20140801 024835510,1.338720,1.338890,0
20140801 024838510,1.338730,1.338900,0
20140801 024838760,1.338720,1.338890,0
20140801 024839027,1.338710,1.338880,0
20140801 024839277,1.338690,1.338860,0
20140801 024840777,1.338700,1.338870,0
20140801 024842777,1.338670,1.338840,0
20140801 024843260,1.338650,1.338820,0
20140801 024847527,1.338600,1.338770,0
20140801 024847777,1.338570,1.338740,0
20140801 024848027,1.338550,1.338720,0
20140801 024848277,1.338590,1.338760,0
20140801 024848527,1.338610,1.338780,0
20140801 024849010,1.338620,1.338790,0
20140801 024850510,1.338630,1.338800,0
20140801 024851760,1.338610,1.338780,0
20140801 024852010,1.338620,1.338790,0
20140801 024852510,1.338630,1.338800,0
20140801 024854760,1.338610,1.338780,0
20140801 024855010,1.338620,1.338790,0
20140801 024855260,1.338630,1.338800,0
20140801 024857510,1.338620,1.338790,0
20140801 024858260,1.338610,1.338780,0
20140801 024858510,1.338600,1.338770,0
20140801 024859010,1.338590,1.338760,0
20140801 024900493,1.338600,1.338770,0
20140801 024900760,1.338610,1.338780,0
20140801 024901010,1.338600,1.338770,0
20140801 024901260,1.338610,1.338780,0
20140801 024901510,1.338620,1.338790,0
20140801 024903527,1.338610,1.338780,0
20140801 024903777,1.338580,1.338750,0
20140801 024904010,1.338590,1.338760,0
20140801 024904260,1.338600,1.338770,0
20140801 024904527,1.338580,1.338750,0
20140801 024904760,1.338590,1.338760,0
20140801 024905027,1.338640,1.338810,0
20140801 024905993,1.338630,1.338800,0
20140801 024906260,1.338610,1.338780,0
20140801 024906743,1.338620,1.338790,0
20140801 024907243,1.338610,1.338780,0
20140801 024907510,1.338600,1.338770,0
20140801 024908010,1.338610,1.338780,0
20140801 024908493,1.338620,1.338790,0
20140801 024908743,1.338600,1.338770,0
20140801 024909243,1.338620,1.338790,0
20140801 024909493,1.338600,1.338770,0
20140801 024918010,1.338580,1.338750,0
20140801 024918277,1.338560,1.338730,0
20140801 024918493,1.338540,1.338710,0
20140801 024919993,1.338560,1.338730,0
20140801 024920243,1.338550,1.338720,0
20140801 024921493,1.338560,1.338730,0
20140801 024921743,1.338550,1.338720,0
20140801 024922243,1.338560,1.338730,0
20140801 024922510,1.338550,1.338720,0
20140801 024923027,1.338570,1.338740,0
20140801 024923260,1.338600,1.338770,0
20140801 024926993,1.338610,1.338780,0
20140801 024928993,1.338620,1.338790,0
20140801 024929243,1.338640,1.338810,0
20140801 024929493,1.338650,1.338820,0
20140801 024929777,1.338670,1.338840,0
20140801 024929993,1.338680,1.338850,0
20140801 024930260,1.338690,1.338860,0
20140801 024938510,1.338670,1.338840,0
20140801 024938743,1.338650,1.338820,0
20140801 024952760,1.338630,1.338800,0
20140801 024953010,1.338620,1.338790,0
20140801 024953243,1.338630,1.338800,0
20140801 024953493,1.338620,1.338790,0
20140801 024953743,1.338630,1.338800,0
20140801 024953993,1.338620,1.338790,0
20140801 024959260,1.338610,1.338780,0
20140801 024959493,1.338600,1.338770,0
20140801 024959743,1.338590,1.338760,0
20140801 025000243,1.338570,1.338740,0
20140801 025000510,1.338540,1.338710,0
20140801 025000743,1.338530,1.338700,0
20140801 025000993,1.338520,1.338690,0
20140801 025003743,1.338530,1.338700,0
20140801 025004760,1.338540,1.338710,0
20140801 025005527,1.338560,1.338730,0
20140801 025005777,1.338580,1.338750,0
20140801 025006010,1.338590,1.338760,0
20140801 025006510,1.338580,1.338750,0
20140801 025006760,1.338590,1.338760,0
20140801 025007010,1.338580,1.338750,0
20140801 025007277,1.338570,1.338740,0
20140801 025007527,1.338550,1.338720,0
20140801 025007760,1.338540,1.338710,0
20140801 025012277,1.338550,1.338720,0
20140801 025012527,1.338540,1.338710,0
20140801 025012760,1.338520,1.338690,0
20140801 025013510,1.338510,1.338680,0
20140801 025015010,1.338500,1.338670,0
20140801 025015277,1.338490,1.338660,0
20140801 025015527,1.338480,1.338650,0
20140801 025017010,1.338490,1.338660,0
20140801 025019010,1.338480,1.338650,0
20140801 025019510,1.338490,1.338660,0
20140801 025019760,1.338480,1.338650,0
20140801 025020277,1.338450,1.338620,0
20140801 025020527,1.338420,1.338590,0
20140801 025021010,1.338410,1.338580,0
20140801 025021760,1.338420,1.338590,0
20140801 025022260,1.338430,1.338600,0
20140801 025025027,1.338450,1.338620,0
20140801 025025277,1.338500,1.338670,0
20140801 025025510,1.338490,1.338660,0
20140801 025025760,1.338480,1.338650,0
20140801 025026027,1.338430,1.338600,0
20140801 025026260,1.338420,1.338590,0
20140801 025029510,1.338410,1.338580,0
20140801 025030760,1.338420,1.338590,0
20140801 025033510,1.338410,1.338580,0
20140801 025034260,1.338420,1.338590,0
20140801 025035510,1.338410,1.338580,0
20140801 025040027,1.338400,1.338570,0
20140801 025041260,1.338410,1.338580,0
20140801 025043760,1.338400,1.338570,0
20140801 025048510,1.338410,1.338580,0
20140801 025048760,1.338400,1.338570,0
20140801 025049010,1.338410,1.338580,0
20140801 025050760,1.338400,1.338570,0
20140801 025051010,1.338420,1.338590,0
20140801 025051760,1.338430,1.338600,0
20140801 025053010,1.338440,1.338610,0
20140801 025058510,1.338430,1.338600,0
20140801 025104510,1.338450,1.338620,0
20140801 025114260,1.338460,1.338630,0
20140801 025115273,1.338470,1.338640,0
20140801 025115523,1.338510,1.338680,0
20140801 025115760,1.338520,1.338690,0
20140801 025116260,1.338530,1.338700,0
20140801 025116760,1.338540,1.338710,0
20140801 025117010,1.338530,1.338700,0
20140801 025126510,1.338520,1.338690,0
20140801 025127273,1.338500,1.338670,0
20140801 025127523,1.338450,1.338620,0
20140801 025127773,1.338440,1.338610,0
20140801 025128010,1.338450,1.338620,0
20140801 025128260,1.338460,1.338630,0
20140801 025134510,1.338450,1.338620,0
20140801 025134760,1.338440,1.338610,0
20140801 025137010,1.338450,1.338620,0
20140801 025146760,1.338490,1.338660,0
20140801 025147243,1.338500,1.338670,0
20140801 025147760,1.338510,1.338680,0
20140801 025148260,1.338490,1.338660,0
20140801 025202260,1.338480,1.338650,0
20140801 025209010,1.338470,1.338640,0
20140801 025214023,1.338460,1.338630,0
20140801 025214257,1.338430,1.338600,0
20140801 025215007,1.338440,1.338610,0
20140801 025223257,1.338450,1.338620,0
20140801 025223757,1.338440,1.338610,0
20140801 025237757,1.338450,1.338620,0
20140801 025238007,1.338460,1.338630,0
20140801 025238257,1.338450,1.338620,0
20140801 025241743,1.338430,1.338600,0
20140801 025242007,1.338440,1.338610,0
20140801 025255757,1.338450,1.338620,0
20140801 025300007,1.338440,1.338610,0
20140801 025316007,1.338450,1.338620,0
20140801 025327257,1.338430,1.338600,0
20140801 025327757,1.338440,1.338610,0
20140801 025329757,1.338430,1.338600,0
20140801 025333507,1.338440,1.338610,0
20140801 025340757,1.338430,1.338600,0
20140801 025344507,1.338440,1.338610,0
20140801 025359757,1.338430,1.338600,0
20140801 025405007,1.338440,1.338610,0
20140801 025412257,1.338450,1.338620,0
20140801 025412507,1.338440,1.338610,0
20140801 025413257,1.338450,1.338620,0
20140801 025413757,1.338470,1.338640,0
20140801 025414007,1.338480,1.338650,0
20140801 025414493,1.338490,1.338660,0
20140801 025422507,1.338500,1.338670,0
20140801 025425007,1.338480,1.338650,0
20140801 025425257,1.338490,1.338660,0
20140801 025429257,1.338480,1.338650,0
20140801 025430257,1.338490,1.338660,0
20140801 025431007,1.338480,1.338650,0
20140801 025431257,1.338490,1.338660,0
20140801 025431507,1.338480,1.338650,0
20140801 025432007,1.338490,1.338660,0
20140801 025434757,1.338480,1.338650,0
20140801 025438273,1.338470,1.338640,0
20140801 025438523,1.338420,1.338590,0
20140801 025438773,1.338380,1.338550,0
20140801 025441773,1.338350,1.338520,0
20140801 025442007,1.338330,1.338500,0
20140801 025442757,1.338320,1.338490,0
20140801 025448273,1.338300,1.338470,0
20140801 025451257,1.338320,1.338490,0
20140801 025454507,1.338310,1.338480,0
20140801 025457257,1.338300,1.338470,0
20140801 025457523,1.338270,1.338440,0
20140801 025457773,1.338260,1.338430,0
20140801 025458023,1.338230,1.338400,0
20140801 025502773,1.338210,1.338380,0
20140801 025503040,1.338200,1.338370,0
20140801 025503773,1.338210,1.338380,0
20140801 025507023,1.338200,1.338370,0
20140801 025507273,1.338190,1.338360,0
20140801 025507507,1.338180,1.338350,0
20140801 025508023,1.338190,1.338360,0
20140801 025508273,1.338200,1.338370,0
20140801 025508523,1.338210,1.338380,0
20140801 025509023,1.338200,1.338370,0
20140801 025514523,1.338210,1.338380,0
20140801 025515023,1.338200,1.338370,0
20140801 025520023,1.338180,1.338350,0
20140801 025520273,1.338190,1.338360,0
20140801 025521523,1.338200,1.338370,0
20140801 025522273,1.338210,1.338380,0
20140801 025523773,1.338190,1.338360,0
20140801 025524023,1.338170,1.338340,0
20140801 025524290,1.338190,1.338360,0
20140801 025524523,1.338200,1.338370,0
20140801 025525523,1.338210,1.338380,0
20140801 025527273,1.338230,1.338400,0
20140801 025527773,1.338210,1.338380,0
20140801 025529273,1.338220,1.338390,0
20140801 025529773,1.338230,1.338400,0
20140801 025530287,1.338220,1.338390,0
20140801 025530773,1.338210,1.338380,0
20140801 025531273,1.338200,1.338370,0
20140801 025535523,1.338210,1.338380,0
20140801 025537273,1.338220,1.338390,0
20140801 025537773,1.338230,1.338400,0
20140801 025539523,1.338220,1.338390,0
20140801 025540023,1.338230,1.338400,0
20140801 025540273,1.338240,1.338410,0
20140801 025542773,1.338230,1.338400,0
20140801 025547523,1.338220,1.338390,0
20140801 025547773,1.338230,1.338400,0
20140801 025548023,1.338240,1.338410,0
20140801 025549273,1.338250,1.338420,0
20140801 025549523,1.338260,1.338430,0
20140801 025550023,1.338250,1.338420,0
20140801 025550273,1.338230,1.338400,0
20140801 025550523,1.338240,1.338410,0
20140801 025559757,1.338250,1.338420,0
20140801 025605523,1.338260,1.338430,0
20140801 025605773,1.338250,1.338420,0
20140801 025606023,1.338240,1.338410,0
20140801 025608523,1.338250,1.338420,0
20140801 025608773,1.338260,1.338430,0
20140801 025610023,1.338280,1.338450,0
20140801 025610273,1.338290,1.338460,0
20140801 025616037,1.338300,1.338470,0
20140801 025617523,1.338310,1.338480,0
20140801 025618273,1.338300,1.338470,0
20140801 025618523,1.338310,1.338480,0
20140801 025618773,1.338300,1.338470,0
20140801 025619273,1.338290,1.338460,0
20140801 025619773,1.338280,1.338450,0
20140801 025622273,1.338290,1.338460,0
20140801 025622523,1.338280,1.338450,0
20140801 025704037,1.338240,1.338410,0
20140801 025704787,1.338230,1.338400,0
20140801 025705037,1.338220,1.338390,0
20140801 025705773,1.338200,1.338370,0
20140801 025707273,1.338210,1.338380,0
20140801 025708773,1.338200,1.338370,0
20140801 025709023,1.338210,1.338380,0
20140801 025709273,1.338220,1.338390,0
20140801 025713023,1.338230,1.338400,0
20140801 025713273,1.338240,1.338410,0
20140801 025713523,1.338260,1.338430,0
20140801 025713773,1.338280,1.338450,0
20140801 025714007,1.338290,1.338460,0
20140801 025715787,1.338280,1.338450,0
20140801 025716523,1.338270,1.338440,0
20140801 025718523,1.338280,1.338450,0
20140801 025718787,1.338290,1.338460,0
20140801 025719273,1.338300,1.338470,0
20140801 025726537,1.338320,1.338490,0
20140801 025730537,1.338300,1.338470,0
20140801 025733537,1.338290,1.338460,0
20140801 025734023,1.338300,1.338470,0
20140801 025736023,1.338270,1.338440,0
20140801 025736287,1.338260,1.338430,0
20140801 025736537,1.338270,1.338440,0
20140801 025736773,1.338280,1.338450,0
20140801 025737023,1.338270,1.338440,0
20140801 025737273,1.338280,1.338450,0
20140801 025737507,1.338260,1.338430,0
20140801 025738007,1.338270,1.338440,0
20140801 025749773,1.338260,1.338430,0
20140801 025750037,1.338240,1.338410,0
20140801 025808523,1.338230,1.338400,0
20140801 025808773,1.338200,1.338370,0
20140801 025809023,1.338190,1.338360,0
20140801 025814523,1.338200,1.338370,0
20140801 025815773,1.338190,1.338360,0
20140801 025821007,1.338210,1.338380,0
20140801 025829273,1.338200,1.338370,0
20140801 025837773,1.338210,1.338380,0
20140801 025840523,1.338200,1.338370,0
20140801 025846773,1.338210,1.338380,0
20140801 025849523,1.338200,1.338370,0
20140801 025857287,1.338210,1.338380,0
20140801 025858023,1.338200,1.338370,0
20140801 025900523,1.338190,1.338360,0
20140801 025902770,1.338180,1.338350,0
20140801 025906287,1.338170,1.338340,0
20140801 025906520,1.338160,1.338330,0
20140801 025907770,1.338170,1.338340,0
20140801 025914787,1.338150,1.338320,0
20140801 025915020,1.338140,1.338310,0
20140801 025924020,1.338150,1.338320,0
20140801 025925787,1.338170,1.338340,0
20140801 025926037,1.338240,1.338410,0
20140801 025926520,1.338260,1.338430,0
20140801 025926770,1.338280,1.338450,0
20140801 025927020,1.338290,1.338460,0
20140801 025927257,1.338280,1.338450,0
20140801 025928020,1.338290,1.338460,0
20140801 025930270,1.338280,1.338450,0
20140801 025930520,1.338270,1.338440,0
20140801 025931270,1.338280,1.338450,0
20140801 025932270,1.338270,1.338440,0
20140801 025943770,1.338280,1.338450,0
20140801 025945020,1.338270,1.338440,0
20140801 025946037,1.338250,1.338420,0
20140801 025946287,1.338220,1.338390,0
20140801 025946520,1.338210,1.338380,0
20140801 025946770,1.338200,1.338370,0
20140801 025947770,1.338210,1.338380,0
20140801 025953270,1.338220,1.338390,0
20140801 030004537,1.338230,1.338400,0
20140801 030006770,1.338220,1.338390,0
20140801 030007020,1.338230,1.338400,0
20140801 030008287,1.338200,1.338370,0
20140801 030009757,1.338230,1.338400,0
20140801 030010270,1.338240,1.338410,0
20140801 030010770,1.338230,1.338400,0
20140801 030011270,1.338240,1.338410,0
20140801 030012020,1.338250,1.338420,0
20140801 030012270,1.338240,1.338410,0
20140801 030012520,1.338250,1.338420,0
20140801 030013520,1.338240,1.338410,0
20140801 030015037,1.338270,1.338440,0
20140801 030015287,1.338280,1.338450,0
20140801 030015770,1.338290,1.338460,0
20140801 030017770,1.338280,1.338450,0
20140801 030018270,1.338250,1.338420,0
20140801 030018770,1.338240,1.338410,0
20140801 030026787,1.338230,1.338400,0
20140801 030027270,1.338240,1.338410,0
20140801 030036020,1.338250,1.338420,0
20140801 030036520,1.338240,1.338410,0
20140801 030043020,1.338230,1.338400,0
20140801 030043270,1.338240,1.338410,0
20140801 030044020,1.338230,1.338400,0
20140801 030046270,1.338240,1.338410,0
20140801 030055270,1.338230,1.338400,0
20140801 030057037,1.338210,1.338380,0
20140801 030057270,1.338200,1.338370,0
20140801 030058270,1.338210,1.338380,0
20140801 030058520,1.338220,1.338390,0
20140801 030058770,1.338230,1.338400,0
20140801 030100787,1.338220,1.338390,0
20140801 030101037,1.338190,1.338360,0
20140801 030101270,1.338140,1.338310,0
20140801 030101520,1.338150,1.338320,0
20140801 030105287,1.338140,1.338310,0
20140801 030107287,1.338150,1.338320,0
20140801 030107770,1.338190,1.338360,0
20140801 030108020,1.338200,1.338370,0
20140801 030108270,1.338230,1.338400,0
20140801 030110537,1.338210,1.338380,0
20140801 030110770,1.338200,1.338370,0
20140801 030111520,1.338190,1.338360,0
20140801 030112270,1.338200,1.338370,0
20140801 030114770,1.338190,1.338360,0
20140801 030115270,1.338170,1.338340,0
20140801 030115520,1.338160,1.338330,0
20140801 030115770,1.338150,1.338320,0
20140801 030116270,1.338160,1.338330,0
20140801 030116770,1.338150,1.338320,0
20140801 030118270,1.338140,1.338310,0
20140801 030119537,1.338130,1.338300,0
20140801 030120270,1.338140,1.338310,0
20140801 030124770,1.338120,1.338290,0
20140801 030125007,1.338130,1.338300,0
20140801 030128520,1.338140,1.338310,0
20140801 030132770,1.338130,1.338300,0
20140801 030135270,1.338120,1.338290,0
20140801 030135787,1.338090,1.338260,0
20140801 030137270,1.338080,1.338250,0
20140801 030139037,1.338090,1.338260,0
20140801 030139287,1.338120,1.338290,0
20140801 030140020,1.338100,1.338270,0
20140801 030140270,1.338090,1.338260,0
20140801 030140507,1.338080,1.338250,0
20140801 030141757,1.338070,1.338240,0
20140801 030142007,1.338060,1.338230,0
20140801 030142270,1.338070,1.338240,0
20140801 030144507,1.338080,1.338250,0
20140801 030145270,1.338090,1.338260,0
20140801 030147020,1.338100,1.338270,0
20140801 030147270,1.338130,1.338300,0
20140801 030147520,1.338180,1.338350,0
20140801 030148520,1.338140,1.338310,0
20140801 030148757,1.338130,1.338300,0
20140801 030149007,1.338120,1.338290,0
20140801 030149507,1.338130,1.338300,0
20140801 030149770,1.338170,1.338340,0
20140801 030150037,1.338180,1.338350,0
20140801 030150270,1.338170,1.338340,0
20140801 030152787,1.338140,1.338310,0
20140801 030153037,1.338130,1.338300,0
20140801 030153270,1.338120,1.338290,0
20140801 030153520,1.338140,1.338310,0
20140801 030158507,1.338130,1.338300,0
20140801 030159507,1.338140,1.338310,0
20140801 030202020,1.338150,1.338320,0
20140801 030202270,1.338170,1.338340,0
20140801 030203507,1.338160,1.338330,0
20140801 030206507,1.338170,1.338340,0
20140801 030207770,1.338160,1.338330,0
20140801 030208020,1.338140,1.338310,0
20140801 030210520,1.338130,1.338300,0
20140801 030212520,1.338140,1.338310,0
20140801 030228507,1.338150,1.338320,0
20140801 030228757,1.338140,1.338310,0
20140801 030231507,1.338150,1.338320,0
20140801 030232257,1.338140,1.338310,0
20140801 030235007,1.338130,1.338300,0
20140801 030238770,1.338120,1.338290,0
20140801 030239253,1.338110,1.338280,0
20140801 030239753,1.338120,1.338290,0
20140801 030244270,1.338130,1.338300,0
20140801 030255253,1.338110,1.338280,0
20140801 030255503,1.338120,1.338290,0
20140801 030257503,1.338130,1.338300,0
20140801 030258287,1.338180,1.338350,0
20140801 030258537,1.338200,1.338370,0
20140801 030259020,1.338210,1.338380,0
20140801 030303503,1.338220,1.338390,0
20140801 030308003,1.338210,1.338380,0
20140801 030311503,1.338220,1.338390,0
20140801 030315020,1.338230,1.338400,0
20140801 030315253,1.338240,1.338410,0
20140801 030315520,1.338230,1.338400,0
20140801 030316020,1.338240,1.338410,0
20140801 030317503,1.338230,1.338400,0
20140801 030318037,1.338240,1.338410,0
20140801 030322020,1.338230,1.338400,0
20140801 030325020,1.338240,1.338410,0
20140801 030328520,1.338250,1.338420,0
20140801 030330020,1.338240,1.338410,0
20140801 030330270,1.338250,1.338420,0
20140801 030331020,1.338240,1.338410,0
20140801 030331520,1.338250,1.338420,0
20140801 030331770,1.338240,1.338410,0
20140801 030332770,1.338250,1.338420,0
20140801 030333520,1.338260,1.338430,0
20140801 030333770,1.338270,1.338440,0
20140801 030334520,1.338260,1.338430,0
20140801 030343770,1.338250,1.338420,0
20140801 030344770,1.338260,1.338430,0
20140801 030345520,1.338270,1.338440,0
20140801 030345770,1.338260,1.338430,0
20140801 030347270,1.338250,1.338420,0
20140801 030349020,1.338260,1.338430,0
20140801 030350020,1.338250,1.338420,0
20140801 030351770,1.338260,1.338430,0
20140801 030358270,1.338250,1.338420,0
20140801 030358770,1.338240,1.338410,0
20140801 030400270,1.338250,1.338420,0
20140801 030406287,1.338240,1.338410,0
20140801 030409020,1.338250,1.338420,0
20140801 030413770,1.338240,1.338410,0
20140801 030415270,1.338210,1.338380,0
20140801 030415520,1.338220,1.338390,0
20140801 030415770,1.338230,1.338400,0
20140801 030416020,1.338220,1.338390,0
20140801 030416270,1.338230,1.338400,0
20140801 030418520,1.338240,1.338410,0
20140801 030421520,1.338230,1.338400,0
20140801 030436270,1.338240,1.338410,0
20140801 030436520,1.338250,1.338420,0
20140801 030440020,1.338260,1.338430,0
20140801 030440520,1.338250,1.338420,0
20140801 030441020,1.338260,1.338430,0
20140801 030441520,1.338250,1.338420,0
20140801 030449753,1.338240,1.338410,0
20140801 030450003,1.338230,1.338400,0
20140801 030450253,1.338240,1.338410,0
20140801 030451503,1.338250,1.338420,0
20140801 030451770,1.338260,1.338430,0
20140801 030452003,1.338250,1.338420,0
20140801 030455003,1.338260,1.338430,0
20140801 030455503,1.338250,1.338420,0
20140801 030456520,1.338260,1.338430,0
20140801 030501037,1.338270,1.338440,0
20140801 030501770,1.338280,1.338450,0
20140801 030509537,1.338270,1.338440,0
20140801 030509753,1.338240,1.338410,0
20140801 030518520,1.338250,1.338420,0
20140801 030519287,1.338260,1.338430,0
20140801 030519537,1.338280,1.338450,0
20140801 030519787,1.338300,1.338470,0
20140801 030529020,1.338290,1.338460,0
20140801 030532037,1.338270,1.338440,0
20140801 030532520,1.338260,1.338430,0
20140801 030532770,1.338270,1.338440,0
20140801 030533037,1.338260,1.338430,0
20140801 030533270,1.338270,1.338440,0
20140801 030534770,1.338300,1.338470,0
20140801 030535020,1.338290,1.338460,0
20140801 030535520,1.338300,1.338470,0
20140801 030537270,1.338290,1.338460,0
20140801 030538020,1.338280,1.338450,0
20140801 030538270,1.338260,1.338430,0
20140801 030538520,1.338250,1.338420,0
20140801 030541520,1.338240,1.338410,0
20140801 030542020,1.338250,1.338420,0
20140801 030545270,1.338260,1.338430,0
20140801 030546020,1.338250,1.338420,0
20140801 030546770,1.338260,1.338430,0
20140801 030548020,1.338250,1.338420,0
20140801 030548520,1.338260,1.338430,0
20140801 030548770,1.338270,1.338440,0
20140801 030558533,1.338290,1.338460,0
20140801 030558783,1.338300,1.338470,0
20140801 030601020,1.338290,1.338460,0
20140801 030603270,1.338300,1.338470,0
20140801 030609020,1.338310,1.338480,0
20140801 030612003,1.338300,1.338470,0
20140801 030614753,1.338290,1.338460,0
20140801 030616003,1.338300,1.338470,0
20140801 030624270,1.338310,1.338480,0
20140801 030626020,1.338320,1.338490,0
20140801 030633520,1.338310,1.338480,0
20140801 030633783,1.338320,1.338490,0
20140801 030634033,1.338330,1.338500,0
20140801 030634283,1.338340,1.338510,0
20140801 030634770,1.338330,1.338500,0
20140801 030635020,1.338320,1.338490,0
20140801 030637283,1.338340,1.338510,0
20140801 030637533,1.338350,1.338520,0
20140801 030637770,1.338330,1.338500,0
20140801 030638520,1.338320,1.338490,0
20140801 030643783,1.338280,1.338450,0
20140801 030644033,1.338240,1.338410,0
20140801 030650533,1.338260,1.338430,0
20140801 030702017,1.338270,1.338440,0
20140801 030702267,1.338260,1.338430,0
20140801 030704767,1.338250,1.338420,0
20140801 030705253,1.338260,1.338430,0
20140801 030711517,1.338270,1.338440,0
20140801 030712767,1.338280,1.338450,0
20140801 030715033,1.338290,1.338460,0
20140801 030715283,1.338310,1.338480,0
20140801 030717517,1.338320,1.338490,0
20140801 030719267,1.338310,1.338480,0
20140801 030719767,1.338320,1.338490,0
20140801 030723267,1.338310,1.338480,0
20140801 030724517,1.338320,1.338490,0
20140801 030725517,1.338310,1.338480,0
20140801 030728003,1.338320,1.338490,0
20140801 030729267,1.338310,1.338480,0
20140801 030731517,1.338320,1.338490,0
20140801 030732017,1.338330,1.338500,0
20140801 030732267,1.338340,1.338510,0
20140801 030732517,1.338350,1.338520,0
20140801 030733017,1.338360,1.338530,0
20140801 030733767,1.338350,1.338520,0
20140801 030734033,1.338360,1.338530,0
20140801 030734517,1.338350,1.338520,0
20140801 030736017,1.338370,1.338540,0
20140801 030736517,1.338380,1.338550,0
20140801 030737533,1.338400,1.338570,0
20140801 030737767,1.338410,1.338580,0
20140801 030738017,1.338400,1.338570,0
20140801 030743017,1.338390,1.338560,0
20140801 030743267,1.338370,1.338540,0
20140801 030743517,1.338350,1.338520,0
20140801 030743767,1.338360,1.338530,0
20140801 030754033,1.338340,1.338510,0
20140801 030754517,1.338350,1.338520,0
20140801 030754767,1.338340,1.338510,0
20140801 030756003,1.338350,1.338520,0
20140801 030809517,1.338340,1.338510,0
20140801 030810017,1.338320,1.338490,0
20140801 030810767,1.338330,1.338500,0
20140801 030811017,1.338320,1.338490,0
20140801 030811503,1.338330,1.338500,0
20140801 030811753,1.338340,1.338510,0
20140801 030818517,1.338350,1.338520,0
20140801 030838767,1.338340,1.338510,0
20140801 030842253,1.338350,1.338520,0
20140801 030843503,1.338340,1.338510,0
20140801 030844253,1.338350,1.338520,0
20140801 030851753,1.338340,1.338510,0
20140801 030852253,1.338350,1.338520,0
20140801 030854753,1.338340,1.338510,0
20140801 030857753,1.338350,1.338520,0
20140801 030859003,1.338340,1.338510,0
20140801 030859503,1.338350,1.338520,0
20140801 030900017,1.338340,1.338510,0
20140801 030910033,1.338330,1.338500,0
20140801 030910283,1.338320,1.338490,0
20140801 030910533,1.338310,1.338480,0
20140801 030917267,1.338300,1.338470,0
20140801 030917767,1.338310,1.338480,0
20140801 030918517,1.338300,1.338470,0
20140801 030921517,1.338290,1.338460,0
20140801 030923267,1.338300,1.338470,0
20140801 030929753,1.338290,1.338460,0
20140801 030930267,1.338300,1.338470,0
20140801 030934017,1.338290,1.338460,0
20140801 030936767,1.338300,1.338470,0
20140801 030937017,1.338290,1.338460,0
20140801 030939517,1.338300,1.338470,0
20140801 030952017,1.338290,1.338460,0
20140801 030953267,1.338300,1.338470,0
20140801 030955767,1.338310,1.338480,0
20140801 030956003,1.338320,1.338490,0
20140801 030956267,1.338330,1.338500,0
20140801 030958283,1.338340,1.338510,0
20140801 030958533,1.338380,1.338550,0
20140801 030958767,1.338390,1.338560,0
20140801 031000033,1.338420,1.338590,0
20140801 031002267,1.338410,1.338580,0
20140801 031003267,1.338420,1.338590,0
20140801 031004267,1.338410,1.338580,0
20140801 031007267,1.338400,1.338570,0
20140801 031008517,1.338410,1.338580,0
20140801 031009017,1.338400,1.338570,0
20140801 031010753,1.338410,1.338580,0
20140801 031011017,1.338400,1.338570,0
20140801 031014267,1.338390,1.338560,0
20140801 031016003,1.338400,1.338570,0
20140801 031017503,1.338390,1.338560,0
20140801 031020753,1.338400,1.338570,0
20140801 031035017,1.338390,1.338560,0
20140801 031041267,1.338380,1.338550,0
20140801 031102533,1.338390,1.338560,0
20140801 031102783,1.338400,1.338570,0
20140801 031103033,1.338410,1.338580,0
20140801 031103267,1.338420,1.338590,0
20140801 031107767,1.338430,1.338600,0
20140801 031109283,1.338420,1.338590,0
20140801 031113283,1.338430,1.338600,0
20140801 031113517,1.338440,1.338610,0
20140801 031117033,1.338430,1.338600,0
20140801 031119033,1.338410,1.338580,0
20140801 031119267,1.338400,1.338570,0
20140801 031122767,1.338410,1.338580,0
20140801 031127767,1.338420,1.338590,0
20140801 031129000,1.338410,1.338580,0
20140801 031139267,1.338400,1.338570,0
20140801 031147017,1.338410,1.338580,0
20140801 031207017,1.338420,1.338590,0
20140801 031225783,1.338390,1.338560,0
20140801 031226033,1.338380,1.338550,0
20140801 031226267,1.338390,1.338560,0
20140801 031227017,1.338380,1.338550,0
20140801 031227267,1.338390,1.338560,0
20140801 031228767,1.338380,1.338550,0
20140801 031230533,1.338390,1.338560,0
20140801 031230767,1.338400,1.338570,0
20140801 031231267,1.338390,1.338560,0
20140801 031231533,1.338410,1.338580,0
20140801 031231767,1.338420,1.338590,0
20140801 031233267,1.338430,1.338600,0
20140801 031233517,1.338420,1.338590,0
20140801 031234017,1.338430,1.338600,0
20140801 031234267,1.338420,1.338590,0
20140801 031234517,1.338430,1.338600,0
20140801 031243750,1.338420,1.338590,0
20140801 031245250,1.338430,1.338600,0
20140801 031245750,1.338420,1.338590,0
20140801 031247750,1.338430,1.338600,0
20140801 031251000,1.338420,1.338590,0
20140801 031300750,1.338430,1.338600,0
20140801 031304017,1.338460,1.338630,0
20140801 031304267,1.338490,1.338660,0
20140801 031304517,1.338500,1.338670,0
20140801 031305250,1.338510,1.338680,0
20140801 031306500,1.338520,1.338690,0
20140801 031309517,1.338530,1.338700,0
20140801 031310500,1.338520,1.338690,0
20140801 031312000,1.338540,1.338710,0
20140801 031312500,1.338530,1.338700,0
20140801 031322017,1.338520,1.338690,0
20140801 031323267,1.338500,1.338670,0
20140801 031323750,1.338490,1.338660,0
20140801 031324017,1.338460,1.338630,0
20140801 031324267,1.338450,1.338620,0
20140801 031324750,1.338460,1.338630,0
20140801 031325000,1.338470,1.338640,0
20140801 031325267,1.338480,1.338650,0
20140801 031327750,1.338490,1.338660,0
20140801 031328750,1.338500,1.338670,0
20140801 031330250,1.338490,1.338660,0
20140801 031330750,1.338500,1.338670,0
20140801 031333517,1.338510,1.338680,0
20140801 031334267,1.338500,1.338670,0
20140801 031334533,1.338510,1.338680,0
20140801 031334750,1.338530,1.338700,0
20140801 031335017,1.338520,1.338690,0
20140801 031336017,1.338510,1.338680,0
20140801 031342017,1.338520,1.338690,0
20140801 031345767,1.338530,1.338700,0
20140801 031346767,1.338520,1.338690,0
20140801 031353017,1.338510,1.338680,0
20140801 031356517,1.338520,1.338690,0
20140801 031357017,1.338510,1.338680,0
20140801 031358017,1.338500,1.338670,0
20140801 031358780,1.338510,1.338680,0
20140801 031401017,1.338530,1.338700,0
20140801 031403267,1.338540,1.338710,0
20140801 031405767,1.338560,1.338730,0
20140801 031406017,1.338550,1.338720,0
20140801 031409767,1.338560,1.338730,0
20140801 031410017,1.338580,1.338750,0
20140801 031410267,1.338600,1.338770,0
20140801 031410517,1.338590,1.338760,0
20140801 031413017,1.338560,1.338730,0
20140801 031416530,1.338540,1.338710,0
20140801 031416780,1.338500,1.338670,0
20140801 031418047,1.338490,1.338660,0
20140801 031418530,1.338510,1.338680,0
20140801 031420780,1.338480,1.338650,0
20140801 031421030,1.338440,1.338610,0
20140801 031421267,1.338450,1.338620,0
20140801 031422517,1.338460,1.338630,0
20140801 031423017,1.338450,1.338620,0
20140801 031426000,1.338430,1.338600,0
20140801 031426500,1.338420,1.338590,0
20140801 031427017,1.338410,1.338580,0
20140801 031428267,1.338400,1.338570,0
20140801 031428767,1.338370,1.338540,0
20140801 031429000,1.338340,1.338510,0
20140801 031429250,1.338330,1.338500,0
20140801 031431000,1.338340,1.338510,0
20140801 031431267,1.338320,1.338490,0
20140801 031431500,1.338310,1.338480,0
20140801 031431750,1.338300,1.338470,0
20140801 031433750,1.338310,1.338480,0
20140801 031434000,1.338320,1.338490,0
20140801 031435500,1.338310,1.338480,0
20140801 031436000,1.338320,1.338490,0
20140801 031437517,1.338330,1.338500,0
20140801 031437750,1.338350,1.338520,0
20140801 031438517,1.338340,1.338510,0
20140801 031438750,1.338330,1.338500,0
20140801 031439000,1.338320,1.338490,0
20140801 031441267,1.338310,1.338480,0
20140801 031442250,1.338320,1.338490,0
20140801 031444517,1.338300,1.338470,0
20140801 031446267,1.338310,1.338480,0
20140801 031449017,1.338300,1.338470,0
20140801 031449267,1.338290,1.338460,0
20140801 031453047,1.338300,1.338470,0
20140801 031453267,1.338290,1.338460,0
20140801 031456517,1.338280,1.338450,0
20140801 031458517,1.338290,1.338460,0
20140801 031500280,1.338280,1.338450,0
20140801 031501017,1.338300,1.338470,0
20140801 031502030,1.338270,1.338440,0
20140801 031502267,1.338230,1.338400,0
20140801 031505750,1.338220,1.338390,0
20140801 031506267,1.338250,1.338420,0
20140801 031506500,1.338240,1.338410,0
20140801 031506767,1.338230,1.338400,0
20140801 031507250,1.338240,1.338410,0
20140801 031507500,1.338260,1.338430,0
20140801 031507767,1.338280,1.338450,0
20140801 031508017,1.338290,1.338460,0
20140801 031508267,1.338280,1.338450,0
20140801 031508500,1.338290,1.338460,0
20140801 031508750,1.338280,1.338450,0
20140801 031509000,1.338290,1.338460,0
20140801 031511750,1.338280,1.338450,0
20140801 031514250,1.338290,1.338460,0
20140801 031515250,1.338280,1.338450,0
20140801 031518517,1.338260,1.338430,0
20140801 031518780,1.338220,1.338390,0
20140801 031519530,1.338230,1.338400,0
20140801 031519780,1.338270,1.338440,0
20140801 031520030,1.338290,1.338460,0
20140801 031520517,1.338280,1.338450,0
20140801 031521030,1.338290,1.338460,0
20140801 031522530,1.338280,1.338450,0
20140801 031524530,1.338320,1.338490,0
20140801 031525017,1.338330,1.338500,0
20140801 031545017,1.338340,1.338510,0
20140801 031546017,1.338330,1.338500,0
20140801 031550267,1.338340,1.338510,0
20140801 031551017,1.338330,1.338500,0
20140801 031601530,1.338360,1.338530,0
20140801 031601780,1.338410,1.338580,0
20140801 031602030,1.338430,1.338600,0
20140801 031602280,1.338440,1.338610,0
20140801 031603767,1.338430,1.338600,0
20140801 031614517,1.338420,1.338590,0
20140801 031614767,1.338440,1.338610,0
20140801 031619530,1.338430,1.338600,0
20140801 031620017,1.338420,1.338590,0
20140801 031621530,1.338410,1.338580,0
20140801 031621780,1.338360,1.338530,0
20140801 031622030,1.338340,1.338510,0
20140801 031626267,1.338350,1.338520,0
20140801 031628267,1.338340,1.338510,0
20140801 031628767,1.338350,1.338520,0
20140801 031632030,1.338380,1.338550,0
20140801 031632280,1.338360,1.338530,0
20140801 031632767,1.338350,1.338520,0
20140801 031633000,1.338370,1.338540,0
20140801 031633267,1.338360,1.338530,0
20140801 031633517,1.338370,1.338540,0
20140801 031637517,1.338360,1.338530,0
20140801 031639517,1.338370,1.338540,0
20140801 031641530,1.338360,1.338530,0
20140801 031645017,1.338370,1.338540,0
20140801 031645280,1.338410,1.338580,0
20140801 031645530,1.338430,1.338600,0
20140801 031646517,1.338440,1.338610,0
20140801 031646767,1.338430,1.338600,0
20140801 031651530,1.338420,1.338590,0
20140801 031651780,1.338430,1.338600,0
20140801 031655000,1.338420,1.338590,0
20140801 031655500,1.338430,1.338600,0
20140801 031656750,1.338440,1.338610,0
20140801 031657000,1.338430,1.338600,0
20140801 031657250,1.338440,1.338610,0
20140801 031703767,1.338430,1.338600,0
20140801 031704017,1.338440,1.338610,0
20140801 031707517,1.338430,1.338600,0
20140801 031707767,1.338440,1.338610,0
20140801 031708017,1.338430,1.338600,0
20140801 031708267,1.338420,1.338590,0
20140801 031708780,1.338400,1.338570,0
20140801 031709030,1.338370,1.338540,0
20140801 031709267,1.338350,1.338520,0
20140801 031709517,1.338360,1.338530,0
20140801 031710767,1.338370,1.338540,0
20140801 031711030,1.338400,1.338570,0
20140801 031714017,1.338390,1.338560,0
20140801 031714267,1.338380,1.338550,0
20140801 031719013,1.338390,1.338560,0
20140801 031719263,1.338400,1.338570,0
20140801 031719530,1.338440,1.338610,0
20140801 031719763,1.338470,1.338640,0
20140801 031720000,1.338460,1.338630,0
20140801 031720500,1.338450,1.338620,0
20140801 031720750,1.338460,1.338630,0
20140801 031722000,1.338450,1.338620,0
20140801 031722500,1.338460,1.338630,0
20140801 031723513,1.338480,1.338650,0
20140801 031723763,1.338500,1.338670,0
20140801 031725297,1.338480,1.338650,0
20140801 031725530,1.338460,1.338630,0
20140801 031727763,1.338470,1.338640,0
20140801 031729797,1.338490,1.338660,0
20140801 031730030,1.338520,1.338690,0
20140801 031730280,1.338540,1.338710,0
20140801 031730530,1.338560,1.338730,0
20140801 031730780,1.338570,1.338740,0
20140801 031731030,1.338560,1.338730,0
20140801 031734763,1.338570,1.338740,0
20140801 031735013,1.338580,1.338750,0
20140801 031735263,1.338590,1.338760,0
20140801 031735513,1.338600,1.338770,0
20140801 031736530,1.338550,1.338720,0
20140801 031736780,1.338540,1.338710,0
20140801 031737263,1.338550,1.338720,0
20140801 031737513,1.338560,1.338730,0
20140801 031739763,1.338570,1.338740,0
20140801 031741513,1.338560,1.338730,0
20140801 031744530,1.338550,1.338720,0
20140801 031745013,1.338540,1.338710,0
20140801 031745513,1.338550,1.338720,0
20140801 031748763,1.338560,1.338730,0
20140801 031749013,1.338570,1.338740,0
20140801 031749513,1.338580,1.338750,0
20140801 031749763,1.338570,1.338740,0
20140801 031805013,1.338560,1.338730,0
20140801 031808030,1.338570,1.338740,0
20140801 031808513,1.338580,1.338750,0
20140801 031808780,1.338600,1.338770,0
20140801 031809030,1.338620,1.338790,0
20140801 031810013,1.338630,1.338800,0
20140801 031811013,1.338640,1.338810,0
20140801 031811263,1.338660,1.338830,0
20140801 031812013,1.338670,1.338840,0
20140801 031812263,1.338660,1.338830,0
20140801 031814763,1.338670,1.338840,0
20140801 031822013,1.338660,1.338830,0
20140801 031822263,1.338670,1.338840,0
20140801 031822763,1.338660,1.338830,0
20140801 031823047,1.338670,1.338840,0
20140801 031823497,1.338660,1.338830,0
20140801 031823747,1.338640,1.338810,0
20140801 031824030,1.338620,1.338790,0
20140801 031824263,1.338580,1.338750,0
20140801 031824530,1.338560,1.338730,0
20140801 031827247,1.338570,1.338740,0
20140801 031827530,1.338550,1.338720,0
20140801 031834513,1.338540,1.338710,0
20140801 031851763,1.338550,1.338720,0
20140801 031856263,1.338540,1.338710,0
20140801 031856513,1.338550,1.338720,0
20140801 031902513,1.338540,1.338710,0
20140801 031904030,1.338520,1.338690,0
20140801 031904280,1.338470,1.338640,0
20140801 031904530,1.338450,1.338620,0
20140801 031908263,1.338460,1.338630,0
20140801 031913763,1.338450,1.338620,0
20140801 031914030,1.338460,1.338630,0
20140801 031927263,1.338470,1.338640,0
20140801 031927513,1.338460,1.338630,0
20140801 031948747,1.338470,1.338640,0
20140801 031950247,1.338460,1.338630,0
20140801 031950497,1.338470,1.338640,0
20140801 031950747,1.338460,1.338630,0
20140801 031951247,1.338470,1.338640,0
20140801 031952280,1.338450,1.338620,0
20140801 031955997,1.338440,1.338610,0
20140801 031958497,1.338450,1.338620,0
20140801 032001497,1.338460,1.338630,0
20140801 032001763,1.338450,1.338620,0
20140801 032004780,1.338460,1.338630,0
20140801 032009263,1.338470,1.338640,0
20140801 032011263,1.338460,1.338630,0
20140801 032012013,1.338470,1.338640,0
20140801 032013263,1.338460,1.338630,0
20140801 032013513,1.338470,1.338640,0
20140801 032014513,1.338460,1.338630,0
20140801 032015013,1.338470,1.338640,0
20140801 032015263,1.338460,1.338630,0
20140801 032024013,1.338470,1.338640,0
20140801 032024547,1.338490,1.338660,0
20140801 032024780,1.338510,1.338680,0
20140801 032026030,1.338460,1.338630,0
20140801 032026280,1.338450,1.338620,0
20140801 032026513,1.338460,1.338630,0
20140801 032029030,1.338470,1.338640,0
20140801 032029263,1.338480,1.338650,0
20140801 032029513,1.338470,1.338640,0
20140801 032031780,1.338500,1.338670,0
20140801 032032780,1.338490,1.338660,0
20140801 032033030,1.338460,1.338630,0
20140801 032033263,1.338470,1.338640,0
20140801 032033513,1.338480,1.338650,0
20140801 032033747,1.338460,1.338630,0
20140801 032034013,1.338470,1.338640,0
20140801 032034513,1.338450,1.338620,0
20140801 032034763,1.338470,1.338640,0
20140801 032035013,1.338460,1.338630,0
20140801 032035263,1.338450,1.338620,0
20140801 032035513,1.338460,1.338630,0
20140801 032036013,1.338470,1.338640,0
20140801 032036263,1.338460,1.338630,0
20140801 032036513,1.338450,1.338620,0
20140801 032040013,1.338460,1.338630,0
20140801 032054013,1.338450,1.338620,0
20140801 032103513,1.338440,1.338610,0
20140801 032114513,1.338430,1.338600,0
20140801 032118763,1.338440,1.338610,0
20140801 032119763,1.338430,1.338600,0
20140801 032125513,1.338420,1.338590,0
20140801 032125763,1.338340,1.338510,0
20140801 032125997,1.338330,1.338500,0
20140801 032126747,1.338340,1.338510,0
20140801 032137013,1.338350,1.338520,0
20140801 032137763,1.338360,1.338530,0
20140801 032139513,1.338350,1.338520,0
20140801 032200013,1.338360,1.338530,0
20140801 032200263,1.338370,1.338540,0
20140801 032200527,1.338380,1.338550,0
20140801 032201513,1.338370,1.338540,0
20140801 032201763,1.338350,1.338520,0
20140801 032204513,1.338340,1.338510,0
20140801 032204763,1.338350,1.338520,0
20140801 032208013,1.338360,1.338530,0
20140801 032208763,1.338350,1.338520,0
20140801 032210763,1.338340,1.338510,0
20140801 032228513,1.338330,1.338500,0
20140801 032228763,1.338340,1.338510,0
20140801 032229013,1.338330,1.338500,0
20140801 032231013,1.338320,1.338490,0
20140801 032231277,1.338290,1.338460,0
20140801 032231513,1.338280,1.338450,0
20140801 032231763,1.338300,1.338470,0
20140801 032234763,1.338290,1.338460,0
20140801 032235263,1.338300,1.338470,0
20140801 032235527,1.338280,1.338450,0
20140801 032236277,1.338260,1.338430,0
20140801 032236513,1.338250,1.338420,0
20140801 032236763,1.338260,1.338430,0
20140801 032241277,1.338250,1.338420,0
20140801 032242263,1.338260,1.338430,0
20140801 032242513,1.338250,1.338420,0
20140801 032244763,1.338260,1.338430,0
20140801 032246513,1.338250,1.338420,0
20140801 032250013,1.338260,1.338430,0
20140801 032250763,1.338270,1.338440,0
20140801 032251027,1.338290,1.338460,0
20140801 032251263,1.338300,1.338470,0
20140801 032254027,1.338320,1.338490,0
20140801 032254513,1.338310,1.338480,0
20140801 032256513,1.338320,1.338490,0
20140801 032315013,1.338310,1.338480,0
20140801 032315263,1.338320,1.338490,0
20140801 032316513,1.338310,1.338480,0
20140801 032322013,1.338300,1.338470,0
20140801 032335763,1.338320,1.338490,0
20140801 032336013,1.338330,1.338500,0
20140801 032340513,1.338320,1.338490,0
20140801 032340763,1.338310,1.338480,0
20140801 032341013,1.338320,1.338490,0
20140801 032341513,1.338310,1.338480,0
20140801 032341763,1.338320,1.338490,0
20140801 032342263,1.338310,1.338480,0
20140801 032342513,1.338290,1.338460,0
20140801 032342763,1.338280,1.338450,0
20140801 032346013,1.338260,1.338430,0
20140801 032346263,1.338280,1.338450,0
20140801 032346513,1.338270,1.338440,0
20140801 032346763,1.338240,1.338410,0
20140801 032350763,1.338250,1.338420,0
20140801 032351013,1.338260,1.338430,0
20140801 032351263,1.338280,1.338450,0
20140801 032352263,1.338290,1.338460,0
20140801 032353763,1.338300,1.338470,0
20140801 032355013,1.338290,1.338460,0
20140801 032355763,1.338300,1.338470,0
20140801 032357013,1.338290,1.338460,0
20140801 032357763,1.338300,1.338470,0
20140801 032359763,1.338290,1.338460,0
20140801 032403527,1.338280,1.338450,0
20140801 032403763,1.338290,1.338460,0
