TIME,MIN,MAX,OTHER
20140731 000000487,0.00972942469912,0.00973131830169,0
20140731 000001237,0.00972933003833,0.00973122360406,0
20140731 000005473,0.00972942469912,0.00973131830169,0
20140731 000013487,0.00972933003833,0.00973122360406,0
20140731 000014987,0.00972942469912,0.00973131830169,0
20140731 000015487,0.00972933003833,0.00973122360406,0
20140731 000017987,0.00972942469912,0.00973131830169,0
20140731 000018237,0.00972933003833,0.00973122360406,0
20140731 000018487,0.00972942469912,0.00973131830169,0
20140731 000019237,0.00972933003833,0.00973122360406,0
20140731 000019487,0.00972942469912,0.00973131830169,0
20140731 000019987,0.00972933003833,0.00973122360406,0
20140731 000020237,0.00972942469912,0.00973131830169,0
20140731 000021987,0.00972933003833,0.00973122360406,0
20140731 000022487,0.00972942469912,0.00973131830169,0
20140731 000024237,0.00972933003833,0.00973122360406,0
20140731 000024737,0.00972942469912,0.00973131830169,0
20140731 000024987,0.00972933003833,0.00973122360406,0
20140731 000025237,0.00972942469912,0.00973131830169,0
20140731 000027987,0.00972951936174,0.00973141300117,0
20140731 000030237,0.00972942469912,0.00973131830169,0
20140731 000031987,0.00972933003833,0.00973122360406,0
20140731 000033237,0.00972942469912,0.00973131830169,0
20140731 000033737,0.00972933003833,0.00973122360406,0
20140731 000034237,0.00972942469912,0.00973131830169,0
20140731 000034487,0.00972933003833,0.00973122360406,0
20140731 000034737,0.00972942469912,0.00973131830169,0
20140731 000036487,0.00972933003833,0.00973122360406,0
20140731 000036737,0.00972942469912,0.00973131830169,0
20140731 000044987,0.00972933003833,0.00973122360406,0
20140731 000045487,0.00972942469912,0.00973131830169,0
20140731 000055987,0.00972933003833,0.00973122360406,0
20140731 000056237,0.00972942469912,0.00973131830169,0
20140731 000107487,0.00972933003833,0.00973122360406,0
20140731 000108487,0.00972942469912,0.00973131830169,0
20140731 000115237,0.00972933003833,0.00973122360406,0
20140731 000118970,0.00972961402621,0.00973150770249,0
20140731 000123987,0.00972951936174,0.00973141300117,0
20140731 000124237,0.00972942469912,0.00973131830169,0
20140731 000135470,0.00972933003833,0.00973122360406,0
20140731 000138737,0.00972942469912,0.00973131830169,0
20140731 000140737,0.00972933003833,0.00973122360406,0
20140731 000153487,0.00972942469912,0.00973131830169,0
20140731 000157220,0.00972933003833,0.00973122360406,0
20140731 000158970,0.00972942469912,0.00973131830169,0
20140731 000159970,0.00972933003833,0.00973122360406,0
20140731 000200237,0.00972942469912,0.00973131830169,0
20140731 000200470,0.00972933003833,0.00973122360406,0
20140731 000206987,0.00972942469912,0.00973131830169,0
20140731 000207220,0.00972933003833,0.00973122360406,0
20140731 000209237,0.00972942469912,0.00973131830169,0
20140731 000209470,0.00972933003833,0.00973122360406,0
20140731 000226237,0.00972951936174,0.00973141300117,0
20140731 000226470,0.00972961402621,0.00973150770249,0
20140731 000226737,0.00972951936174,0.00973141300117,0
20140731 000227237,0.00972942469912,0.00973131830169,0
20140731 000227487,0.00972951936174,0.00973141300117,0
20140731 000227987,0.00972961402621,0.00973150770249,0
20140731 000231487,0.00972951936174,0.00973141300117,0
20140731 000237487,0.00972942469912,0.00973131830169,0
20140731 000238987,0.00972933003833,0.00973122360406,0
20140731 000239237,0.00972942469912,0.00973131830169,0
20140731 000239987,0.00972961402621,0.00973150770249,0
20140731 000240237,0.00972951936174,0.00973141300117,0
20140731 000250487,0.00972933003833,0.00973122360406,0
20140731 000250737,0.00972923537939,0.00973112890826,0
20140731 000251487,0.00972942469912,0.00973131830169,0
20140731 000251737,0.00972933003833,0.00973122360406,0
20140731 000253487,0.00972951936174,0.00973141300117,0
20140731 000253737,0.00972942469912,0.00973131830169,0
20140731 000256487,0.00972923537939,0.00973112890826,0
20140731 000301237,0.00972933003833,0.00973122360406,0
20140731 000357487,0.00972923537939,0.00973112890826,0
20140731 000438237,0.00972914072229,0.00973103421432,0
20140731 000441737,0.00972923537939,0.00973112890826,0
20140731 000441987,0.00972914072229,0.00973103421432,0
20140731 000444237,0.00972923537939,0.00973112890826,0
20140731 000508487,0.00972914072229,0.00973103421432,0
20140731 000508737,0.00972923537939,0.00973112890826,0
20140731 000559987,0.00972933003833,0.00973122360406,0
20140731 000616987,0.00972951936174,0.00973141300117,0
20140731 000630487,0.00972961402621,0.00973150770249,0
20140731 000634220,0.00972970869252,0.00973160240565,0
20140731 000634500,0.00972980336067,0.00973169711066,0
20140731 000634750,0.00972999270251,0.0097318865262,0
20140731 000634987,0.00973008737618,0.00973198123674,0
20140731 000644000,0.00972970869252,0.00973160240565,0
20140731 000644237,0.00972961402621,0.00973150770249,0
20140731 000657737,0.00972951936174,0.00973141300117,0
20140731 000657987,0.00972942469912,0.00973131830169,0
20140731 000658987,0.00972933003833,0.00973122360406,0
20140731 000702220,0.00972923537939,0.00973112890826,0
20140731 000707737,0.00972933003833,0.00973122360406,0
20140731 000709987,0.00972923537939,0.00973112890826,0
20140731 000713987,0.00972933003833,0.00973122360406,0
20140731 000717237,0.00972942469912,0.00973131830169,0
20140731 000738733,0.00972951936174,0.00973141300117,0
20140731 000738983,0.00972942469912,0.00973131830169,0
20140731 000746733,0.00972951936174,0.00973141300117,0
20140731 000746983,0.00972961402621,0.00973150770249,0
20140731 000750983,0.00972951936174,0.00973141300117,0
20140731 000812483,0.00972961402621,0.00973150770249,0
20140731 000851733,0.00972951936174,0.00973141300117,0
20140731 000856217,0.00972933003833,0.00973122360406,0
20140731 000859467,0.00972942469912,0.00973131830169,0
20140731 000859733,0.00972933003833,0.00973122360406,0
20140731 000859983,0.00972942469912,0.00973131830169,0
20140731 000901233,0.00972951936174,0.00973141300117,0
20140731 000901467,0.00972961402621,0.00973150770249,0
20140731 000910717,0.00972942469912,0.00973131830169,0
20140731 000910967,0.00972933003833,0.00973122360406,0
20140731 000912717,0.00972951936174,0.00973141300117,0
20140731 000912967,0.00972961402621,0.00973150770249,0
20140731 000931483,0.00972980336067,0.00973169711066,0
20140731 000931733,0.00973008737618,0.00973198123674,0
20140731 000947233,0.00972999270251,0.0097318865262,0
20140731 000947483,0.00972980336067,0.00973169711066,0
20140731 000947983,0.00972970869252,0.00973160240565,0
20140731 000955000,0.00972989803067,0.00973179181751,0
20140731 000955233,0.00972970869252,0.00973160240565,0
20140731 000957733,0.00972980336067,0.00973169711066,0
20140731 000958483,0.00972989803067,0.00973179181751,0
20140731 001000733,0.00972999270251,0.0097318865262,0
20140731 001006733,0.00973008737618,0.00973198123674,0
20140731 001024983,0.00973018205171,0.00973207594912,0
20140731 001025233,0.00973027672907,0.00973217066334,0
20140731 001031483,0.00973018205171,0.00973207594912,0
20140731 001031733,0.00973027672907,0.00973217066334,0
20140731 001040483,0.00973018205171,0.00973207594912,0
20140731 001047233,0.00973027672907,0.00973217066334,0
20140731 001108233,0.00973018205171,0.00973207594912,0
20140731 001137983,0.00973008737618,0.00973198123674,0
20140731 001138233,0.00972999270251,0.0097318865262,0
20140731 001138483,0.00973008737618,0.00973198123674,0
20140731 001140733,0.00973018205171,0.00973207594912,0
20140731 001140983,0.00973008737618,0.00973198123674,0
20140731 001207983,0.00972999270251,0.0097318865262,0
20140731 001220733,0.00973008737618,0.00973198123674,0
20140731 001220983,0.00972999270251,0.0097318865262,0
20140731 001254983,0.00973008737618,0.00973198123674,0
20140731 001302233,0.00973018205171,0.00973207594912,0
20140731 001305733,0.00973027672907,0.00973217066334,0
20140731 001305983,0.00973018205171,0.00973207594912,0
20140731 001306247,0.00973027672907,0.00973217066334,0
20140731 001306483,0.00973018205171,0.00973207594912,0
20140731 001323733,0.00972999270251,0.0097318865262,0
20140731 001401733,0.00972989803067,0.00973179181751,0
20140731 001402233,0.00972999270251,0.0097318865262,0
20140731 001406467,0.00972989803067,0.00973179181751,0
20140731 001407217,0.00972999270251,0.0097318865262,0
20140731 001409733,0.00972989803067,0.00973179181751,0
20140731 001412467,0.00972999270251,0.0097318865262,0
20140731 001415467,0.00972989803067,0.00973179181751,0
20140731 001416467,0.00972999270251,0.0097318865262,0
20140731 001422733,0.00973008737618,0.00973198123674,0
20140731 001422967,0.00972999270251,0.0097318865262,0
20140731 001445483,0.00973008737618,0.00973198123674,0
20140731 001446983,0.00973018205171,0.00973207594912,0
20140731 001452747,0.00973027672907,0.00973217066334,0
20140731 001454733,0.00973018205171,0.00973207594912,0
20140731 001454983,0.00973027672907,0.00973217066334,0
20140731 001456497,0.00973018205171,0.00973207594912,0
20140731 001456747,0.00973027672907,0.00973217066334,0
20140731 001456997,0.00973018205171,0.00973207594912,0
20140731 001457497,0.00973027672907,0.00973217066334,0
20140731 001459247,0.00973018205171,0.00973207594912,0
20140731 001459497,0.00973027672907,0.00973217066334,0
20140731 001506483,0.00973018205171,0.00973207594912,0
20140731 001508747,0.00973027672907,0.00973217066334,0
20140731 001511247,0.00973046608933,0.00973236009732,0
20140731 001511480,0.00973056077222,0.00973245481708,0
20140731 001511747,0.00973065545695,0.00973254953868,0
20140731 001517230,0.00973075014353,0.00973264426212,0
20140731 001517747,0.00973065545695,0.00973254953868,0
20140731 001521247,0.00973056077222,0.00973245481708,0
20140731 001522230,0.00973065545695,0.00973254953868,0
20140731 001525247,0.00973046608933,0.00973236009732,0
20140731 001525480,0.00973037140828,0.00973226537941,0
20140731 001525730,0.00973027672907,0.00973217066334,0
20140731 001532730,0.00973046608933,0.00973236009732,0
20140731 001532980,0.00973037140828,0.00973226537941,0
20140731 001617480,0.00973046608933,0.00973236009732,0
20140731 001619480,0.00973056077222,0.00973245481708,0
20140731 001623480,0.00973046608933,0.00973236009732,0
20140731 001710247,0.00973037140828,0.00973226537941,0
20140731 001725747,0.00973046608933,0.00973236009732,0
20140731 001736997,0.00973037140828,0.00973226537941,0
20140731 001801997,0.00973027672907,0.00973217066334,0
20140731 001813497,0.00973037140828,0.00973226537941,0
20140731 001813997,0.00973027672907,0.00973217066334,0
20140731 001814247,0.00973037140828,0.00973226537941,0
20140731 001854480,0.00973027672907,0.00973217066334,0
20140731 001923997,0.00973018205171,0.00973207594912,0
20140731 001933497,0.00973037140828,0.00973226537941,0
20140731 001933747,0.00973027672907,0.00973217066334,0
20140731 001941247,0.00973018205171,0.00973207594912,0
20140731 001949997,0.00973037140828,0.00973226537941,0
20140731 001950247,0.00972999270251,0.0097318865262,0
20140731 001950497,0.00972970869252,0.00973160240565,0
20140731 001950747,0.00972961402621,0.00973150770249,0
20140731 001950997,0.00972951936174,0.00973141300117,0
20140731 001957497,0.00972961402621,0.00973150770249,0
20140731 002005247,0.00972951936174,0.00973141300117,0
20140731 002013417,0.00972933003833,0.00973122360406,0
20140731 002013997,0.00972923537939,0.00973112890826,0
20140731 002051497,0.00972942469912,0.00973131830169,0
20140731 002051747,0.00972933003833,0.00973122360406,0
20140731 002052247,0.00972942469912,0.00973131830169,0
20140731 002100497,0.00972933003833,0.00973122360406,0
20140731 002108497,0.00972914072229,0.00973103421432,0
20140731 002108997,0.00972895141362,0.00973084483195,0
20140731 002144997,0.00972885676204,0.00973075014353,0
20140731 002145247,0.00972876211231,0.00973065545695,0
20140731 002145497,0.00972866746442,0.00973056077222,0
20140731 002145747,0.00972857281837,0.00973046608933,0
20140731 002146747,0.00972866746442,0.00973056077222,0
20140731 002154747,0.00972857281837,0.00973046608933,0
20140731 002158997,0.00972866746442,0.00973056077222,0
20140731 002201993,0.00972857281837,0.00973046608933,0
20140731 002227493,0.00972838353179,0.00973027672907,0
20140731 002227743,0.00972828889127,0.00973018205171,0
20140731 002228493,0.00972838353179,0.00973027672907,0
20140731 002253493,0.00972828889127,0.00973018205171,0
20140731 002253743,0.00972819425258,0.00973008737618,0
20140731 002257743,0.00972828889127,0.00973018205171,0
20140731 002313743,0.00972819425258,0.00973008737618,0
20140731 002315743,0.00972828889127,0.00973018205171,0
20140731 002316993,0.00972838353179,0.00973027672907,0
20140731 002319243,0.00972857281837,0.00973046608933,0
20140731 002322993,0.00972866746442,0.00973056077222,0
20140731 002328743,0.00972857281837,0.00973046608933,0
20140731 002421743,0.00972866746442,0.00973056077222,0
20140731 002423493,0.00972857281837,0.00973046608933,0
20140731 002426993,0.00972866746442,0.00973056077222,0
20140731 002427243,0.00972857281837,0.00973046608933,0
20140731 002427493,0.00972866746442,0.00973056077222,0
20140731 002427743,0.00972857281837,0.00973046608933,0
20140731 002427993,0.00972866746442,0.00973056077222,0
20140731 002428243,0.00972857281837,0.00973046608933,0
20140731 002429743,0.00972866746442,0.00973056077222,0
20140731 002432743,0.00972857281837,0.00973046608933,0
20140731 002432993,0.00972866746442,0.00973056077222,0
20140731 002433243,0.00972857281837,0.00973046608933,0
20140731 002433493,0.00972866746442,0.00973056077222,0
20140731 002433743,0.00972857281837,0.00973046608933,0
20140731 002434493,0.00972866746442,0.00973056077222,0
20140731 002436743,0.00972857281837,0.00973046608933,0
20140731 002437243,0.00972866746442,0.00973056077222,0
20140731 002437493,0.00972885676204,0.00973075014353,0
20140731 002437743,0.00972914072229,0.00973103421432,0
20140731 002458243,0.00972923537939,0.00973112890826,0
20140731 002507243,0.00972914072229,0.00973103421432,0
20140731 002526243,0.00972904606703,0.00973093952221,0
20140731 002526493,0.00972895141362,0.00973084483195,0
20140731 002556993,0.00972885676204,0.00973075014353,0
20140731 002600493,0.00972904606703,0.00973093952221,0
20140731 002604743,0.00972885676204,0.00973075014353,0
20140731 002613993,0.00972895141362,0.00973084483195,0
20140731 002640977,0.00972885676204,0.00973075014353,0
20140731 002651977,0.00972895141362,0.00973084483195,0
20140731 002655743,0.00972885676204,0.00973075014353,0
20140731 002658993,0.00972904606703,0.00973093952221,0
20140731 002701993,0.00972885676204,0.00973075014353,0
20140731 002735993,0.00972876211231,0.00973065545695,0
20140731 002736243,0.00972866746442,0.00973056077222,0
20140731 002736493,0.00972876211231,0.00973065545695,0
20140731 002739993,0.00972885676204,0.00973075014353,0
20140731 002814743,0.00972876211231,0.00973065545695,0
20140731 002815243,0.00972885676204,0.00973075014353,0
20140731 002829493,0.00972876211231,0.00973065545695,0
20140731 002829743,0.00972866746442,0.00973056077222,0
20140731 002927993,0.00972857281837,0.00973046608933,0
20140731 002928243,0.00972866746442,0.00973056077222,0
20140731 002936993,0.00972857281837,0.00973046608933,0
20140731 002938493,0.00972866746442,0.00973056077222,0
20140731 002938743,0.00972885676204,0.00973075014353,0
20140731 002938993,0.00972895141362,0.00973084483195,0
20140731 002939243,0.00972885676204,0.00973075014353,0
20140731 002959240,0.00972895141362,0.00973084483195,0
20140731 002959490,0.00972885676204,0.00973075014353,0
20140731 003021240,0.00972866746442,0.00973056077222,0
20140731 003021990,0.00972876211231,0.00973065545695,0
20140731 003023240,0.00972866746442,0.00973056077222,0
20140731 003033477,0.00972876211231,0.00973065545695,0
20140731 003034740,0.00972857281837,0.00973046608933,0
20140731 003037240,0.00972866746442,0.00973056077222,0
20140731 003038477,0.00972857281837,0.00973046608933,0
20140731 003038740,0.00972866746442,0.00973056077222,0
20140731 003053977,0.00972857281837,0.00973046608933,0
20140731 003059227,0.00972866746442,0.00973056077222,0
20140731 003059727,0.00972857281837,0.00973046608933,0
20140731 003111477,0.00972866746442,0.00973056077222,0
20140731 003114227,0.00972857281837,0.00973046608933,0
20140731 003114477,0.00972847817416,0.00973037140828,0
20140731 003114740,0.00972857281837,0.00973046608933,0
20140731 003114977,0.00972866746442,0.00973056077222,0
20140731 003153727,0.00972828889127,0.00973018205171,0
20140731 003210477,0.00972819425258,0.00973008737618,0
20140731 003230227,0.00972828889127,0.00973018205171,0
20140731 003231227,0.00972819425258,0.00973008737618,0
20140731 003231727,0.00972828889127,0.00973018205171,0
20140731 003232477,0.00972819425258,0.00973008737618,0
20140731 003232977,0.00972828889127,0.00973018205171,0
20140731 003233227,0.00972819425258,0.00973008737618,0
20140731 003233977,0.00972828889127,0.00973018205171,0
20140731 003234477,0.00972819425258,0.00973008737618,0
20140731 003234727,0.00972828889127,0.00973018205171,0
20140731 003235477,0.00972819425258,0.00973008737618,0
20140731 003235977,0.00972828889127,0.00973018205171,0
20140731 003236240,0.00972819425258,0.00973008737618,0
20140731 003236477,0.00972828889127,0.00973018205171,0
20140731 003236727,0.00972819425258,0.00973008737618,0
20140731 003236977,0.00972828889127,0.00973018205171,0
20140731 003238740,0.00972819425258,0.00973008737618,0
20140731 003238977,0.00972828889127,0.00973018205171,0
20140731 003239227,0.00972819425258,0.00973008737618,0
20140731 003239740,0.00972828889127,0.00973018205171,0
20140731 003240477,0.00972819425258,0.00973008737618,0
20140731 003245977,0.00972838353179,0.00973027672907,0
20140731 003248240,0.00972828889127,0.00973018205171,0
20140731 003252240,0.00972847817416,0.00973037140828,0
20140731 003252727,0.00972857281837,0.00973046608933,0
20140731 003253977,0.00972866746442,0.00973056077222,0
20140731 003256977,0.00972857281837,0.00973046608933,0
20140731 003257740,0.00972866746442,0.00973056077222,0
20140731 003258977,0.00972857281837,0.00973046608933,0
20140731 003259977,0.00972866746442,0.00973056077222,0
20140731 003305740,0.00972876211231,0.00973065545695,0
20140731 003306240,0.00972904606703,0.00973093952221,0
20140731 003306490,0.00972914072229,0.00973103421432,0
20140731 003316240,0.00972904606703,0.00973093952221,0
20140731 003316490,0.00972885676204,0.00973075014353,0
20140731 003316990,0.00972876211231,0.00973065545695,0
20140731 003318240,0.00972885676204,0.00973075014353,0
20140731 003320257,0.00972876211231,0.00973065545695,0
20140731 003320477,0.00972885676204,0.00973075014353,0
20140731 003320740,0.00972876211231,0.00973065545695,0
20140731 003327240,0.00972885676204,0.00973075014353,0
20140731 003331240,0.00972876211231,0.00973065545695,0
20140731 003445990,0.00972866746442,0.00973056077222,0
20140731 003454990,0.00972857281837,0.00973046608933,0
20140731 003458990,0.00972866746442,0.00973056077222,0
20140731 003508240,0.00972857281837,0.00973046608933,0
20140731 003510490,0.00972866746442,0.00973056077222,0
20140731 003513240,0.00972857281837,0.00973046608933,0
20140731 003515490,0.00972866746442,0.00973056077222,0
20140731 003518990,0.00972895141362,0.00973084483195,0
20140731 003519240,0.00972876211231,0.00973065545695,0
20140731 003523740,0.00972885676204,0.00973075014353,0
20140731 003523990,0.00972876211231,0.00973065545695,0
20140731 003528740,0.00972866746442,0.00973056077222,0
20140731 003602240,0.00972876211231,0.00973065545695,0
20140731 003602490,0.00972866746442,0.00973056077222,0
20140731 003604990,0.00972847817416,0.00973037140828,0
20140731 003605490,0.00972838353179,0.00973027672907,0
20140731 003610490,0.00972857281837,0.00973046608933,0
20140731 003610973,0.00972866746442,0.00973056077222,0
20140731 003611990,0.00972857281837,0.00973046608933,0
20140731 003621223,0.00972847817416,0.00973037140828,0
20140731 003621490,0.00972857281837,0.00973046608933,0
20140731 003623990,0.00972866746442,0.00973056077222,0
20140731 003631990,0.00972857281837,0.00973046608933,0
20140731 003634490,0.00972866746442,0.00973056077222,0
20140731 003634990,0.00972857281837,0.00973046608933,0
20140731 003651490,0.00972838353179,0.00973027672907,0
20140731 003653740,0.00972828889127,0.00973018205171,0
20140731 003653990,0.00972838353179,0.00973027672907,0
20140731 003654240,0.00972828889127,0.00973018205171,0
20140731 003654990,0.00972838353179,0.00973027672907,0
20140731 003655490,0.00972828889127,0.00973018205171,0
20140731 003659240,0.00972838353179,0.00973027672907,0
20140731 003659740,0.00972847817416,0.00973037140828,0
20140731 003700740,0.00972838353179,0.00973027672907,0
20140731 003704473,0.00972847817416,0.00973037140828,0
20140731 003705240,0.00972838353179,0.00973027672907,0
20140731 003705490,0.00972847817416,0.00973037140828,0
20140731 003705990,0.00972838353179,0.00973027672907,0
20140731 003709240,0.00972857281837,0.00973046608933,0
20140731 003719740,0.00972838353179,0.00973027672907,0
20140731 003719990,0.00972828889127,0.00973018205171,0
20140731 003720240,0.00972838353179,0.00973027672907,0
20140731 003730740,0.00972828889127,0.00973018205171,0
20140731 003731490,0.00972838353179,0.00973027672907,0
20140731 003731973,0.00972828889127,0.00973018205171,0
20140731 003732740,0.00972838353179,0.00973027672907,0
20140731 003733240,0.00972828889127,0.00973018205171,0
20140731 003736240,0.00972838353179,0.00973027672907,0
20140731 003736490,0.00972828889127,0.00973018205171,0
20140731 003736740,0.00972838353179,0.00973027672907,0
20140731 003736990,0.00972828889127,0.00973018205171,0
20140731 003737490,0.00972838353179,0.00973027672907,0
20140731 003738737,0.00972847817416,0.00973037140828,0
20140731 003738987,0.00972857281837,0.00973046608933,0
20140731 003739723,0.00972828889127,0.00973018205171,0
20140731 003739987,0.00972819425258,0.00973008737618,0
20140731 003740737,0.00972828889127,0.00973018205171,0
20140731 003741987,0.00972838353179,0.00973027672907,0
20140731 003748237,0.00972857281837,0.00973046608933,0
20140731 003752737,0.00972838353179,0.00973027672907,0
20140731 003754487,0.00972828889127,0.00973018205171,0
20140731 003758737,0.00972838353179,0.00973027672907,0
20140731 003759987,0.00972828889127,0.00973018205171,0
20140731 003809487,0.00972838353179,0.00973027672907,0
20140731 003809987,0.00972857281837,0.00973046608933,0
20140731 003810487,0.00972847817416,0.00973037140828,0
20140731 003810737,0.00972838353179,0.00973027672907,0
20140731 003815987,0.00972857281837,0.00973046608933,0
20140731 003835487,0.00972847817416,0.00973037140828,0
20140731 003835737,0.00972838353179,0.00973027672907,0
20140731 003838487,0.00972819425258,0.00973008737618,0
20140731 003846987,0.00972828889127,0.00973018205171,0
20140731 003858487,0.00972838353179,0.00973027672907,0
20140731 003906987,0.00972828889127,0.00973018205171,0
20140731 003908237,0.00972857281837,0.00973046608933,0
20140731 003908987,0.00972847817416,0.00973037140828,0
20140731 003909237,0.00972838353179,0.00973027672907,0
20140731 003909487,0.00972828889127,0.00973018205171,0
20140731 003909737,0.00972838353179,0.00973027672907,0
20140731 003909987,0.00972828889127,0.00973018205171,0
20140731 003910237,0.00972838353179,0.00973027672907,0
20140731 003919737,0.00972828889127,0.00973018205171,0
20140731 003935237,0.00972819425258,0.00973008737618,0
20140731 003945987,0.00972800498074,0.00972989803067,0
20140731 003946237,0.00972791034758,0.00972980336067,0
20140731 003947723,0.00972772108678,0.00972961402621,0
20140731 003949737,0.00972781571626,0.00972970869252,0
20140731 003949987,0.00972772108678,0.00972961402621,0
20140731 003954237,0.00972781571626,0.00972970869252,0
20140731 003956987,0.00972772108678,0.00972961402621,0
20140731 003957737,0.00972781571626,0.00972970869252,0
20140731 003957987,0.00972772108678,0.00972961402621,0
20140731 004004237,0.00972781571626,0.00972970869252,0
20140731 004025987,0.00972791034758,0.00972980336067,0
20140731 004028737,0.00972781571626,0.00972970869252,0
20140731 004028987,0.00972772108678,0.00972961402621,0
20140731 004029487,0.00972781571626,0.00972970869252,0
20140731 004029737,0.00972772108678,0.00972961402621,0
20140731 004030987,0.00972753183335,0.00972942469912,0
20140731 004031237,0.00972762645914,0.00972951936174,0
20140731 004035237,0.00972753183335,0.00972942469912,0
20140731 004035737,0.00972743720939,0.00972933003833,0
20140731 004040487,0.00972753183335,0.00972942469912,0
20140731 004040737,0.00972743720939,0.00972933003833,0
20140731 004041237,0.00972753183335,0.00972942469912,0
20140731 004048737,0.00972762645914,0.00972951936174,0
20140731 004049473,0.00972772108678,0.00972961402621,0
20140731 004049737,0.00972762645914,0.00972951936174,0
20140731 004049987,0.00972772108678,0.00972961402621,0
20140731 004050973,0.00972791034758,0.00972980336067,0
20140731 004051237,0.00972781571626,0.00972970869252,0
20140731 004108987,0.00972800498074,0.00972989803067,0
20140731 004122987,0.00972819425258,0.00973008737618,0
20140731 004123237,0.00972857281837,0.00973046608933,0
20140731 004123487,0.00972847817416,0.00973037140828,0
20140731 004126470,0.00972838353179,0.00973027672907,0
20140731 004137737,0.00972847817416,0.00973037140828,0
20140731 004137987,0.00972838353179,0.00973027672907,0
20140731 004140987,0.00972857281837,0.00973046608933,0
20140731 004141237,0.00972866746442,0.00973056077222,0
20140731 004143987,0.00972847817416,0.00973037140828,0
20140731 004145737,0.00972828889127,0.00973018205171,0
20140731 004155987,0.00972819425258,0.00973008737618,0
20140731 004156987,0.00972828889127,0.00973018205171,0
20140731 004157253,0.00972819425258,0.00973008737618,0
20140731 004157487,0.00972800498074,0.00972989803067,0
20140731 004157737,0.00972791034758,0.00972980336067,0
20140731 004158503,0.00972781571626,0.00972970869252,0
20140731 004158737,0.00972762645914,0.00972951936174,0
20140731 004201237,0.00972772108678,0.00972961402621,0
20140731 004201487,0.00972762645914,0.00972951936174,0
20140731 004202237,0.00972772108678,0.00972961402621,0
20140731 004207737,0.00972781571626,0.00972970869252,0
20140731 004207987,0.00972791034758,0.00972980336067,0
20140731 004208987,0.00972800498074,0.00972989803067,0
20140731 004211237,0.00972809961574,0.00972999270251,0
20140731 004236737,0.00972800498074,0.00972989803067,0
20140731 004239237,0.00972809961574,0.00972999270251,0
20140731 004321237,0.00972819425258,0.00973008737618,0
20140731 004321487,0.00972838353179,0.00973027672907,0
20140731 004332487,0.00972828889127,0.00973018205171,0
20140731 004343487,0.00972800498074,0.00972989803067,0
20140731 004347237,0.00972791034758,0.00972980336067,0
20140731 004352987,0.00972800498074,0.00972989803067,0
20140731 004358237,0.00972809961574,0.00972999270251,0
20140731 004359237,0.00972800498074,0.00972989803067,0
20140731 004428737,0.00972809961574,0.00972999270251,0
20140731 004451237,0.00972819425258,0.00973008737618,0
20140731 004451487,0.00972828889127,0.00973018205171,0
20140731 004451737,0.00972838353179,0.00973027672907,0
20140731 004452470,0.00972828889127,0.00973018205171,0
20140731 004517237,0.00972838353179,0.00973027672907,0
20140731 004517737,0.00972828889127,0.00973018205171,0
20140731 004517987,0.00972838353179,0.00973027672907,0
20140731 004518220,0.00972847817416,0.00973037140828,0
20140731 004518487,0.00972838353179,0.00973027672907,0
20140731 004521237,0.00972857281837,0.00973046608933,0
20140731 004521487,0.00972866746442,0.00973056077222,0
20140731 004522487,0.00972838353179,0.00973027672907,0
20140731 004522720,0.00972847817416,0.00973037140828,0
20140731 004538987,0.00972838353179,0.00973027672907,0
20140731 004609237,0.00972828889127,0.00973018205171,0
20140731 004609987,0.00972819425258,0.00973008737618,0
20140731 004619237,0.00972828889127,0.00973018205171,0
20140731 004619487,0.00972819425258,0.00973008737618,0
20140731 004630987,0.00972838353179,0.00973027672907,0
20140731 004632237,0.00972828889127,0.00973018205171,0
20140731 004632487,0.00972838353179,0.00973027672907,0
20140731 004632737,0.00972828889127,0.00973018205171,0
20140731 004632987,0.00972838353179,0.00973027672907,0
20140731 004634737,0.00972828889127,0.00973018205171,0
20140731 004634987,0.00972838353179,0.00973027672907,0
20140731 004635487,0.00972857281837,0.00973046608933,0
20140731 004635737,0.00972838353179,0.00973027672907,0
20140731 004635987,0.00972847817416,0.00973037140828,0
20140731 004638737,0.00972838353179,0.00973027672907,0
20140731 004646987,0.00972857281837,0.00973046608933,0
20140731 004652487,0.00972838353179,0.00973027672907,0
20140731 004812733,0.00972828889127,0.00973018205171,0
20140731 004831233,0.00972857281837,0.00973046608933,0
20140731 004831483,0.00972847817416,0.00973037140828,0
20140731 004831733,0.00972838353179,0.00973027672907,0
20140731 004831983,0.00972847817416,0.00973037140828,0
20140731 004832483,0.00972838353179,0.00973027672907,0
20140731 004833733,0.00972857281837,0.00973046608933,0
20140731 004833970,0.00972838353179,0.00973027672907,0
20140731 004834983,0.00972847817416,0.00973037140828,0
20140731 004838483,0.00972838353179,0.00973027672907,0
20140731 004844483,0.00972828889127,0.00973018205171,0
20140731 004846983,0.00972819425258,0.00973008737618,0
20140731 004847233,0.00972800498074,0.00972989803067,0
20140731 004848733,0.00972809961574,0.00972999270251,0
20140731 004848983,0.00972800498074,0.00972989803067,0
20140731 004850733,0.00972809961574,0.00972999270251,0
20140731 004854233,0.00972800498074,0.00972989803067,0
20140731 004901733,0.00972809961574,0.00972999270251,0
20140731 004901983,0.00972800498074,0.00972989803067,0
20140731 004903483,0.00972809961574,0.00972999270251,0
20140731 004907233,0.00972800498074,0.00972989803067,0
20140731 004907733,0.00972809961574,0.00972999270251,0
20140731 004907983,0.00972800498074,0.00972989803067,0
20140731 004908733,0.00972809961574,0.00972999270251,0
20140731 004915733,0.00972800498074,0.00972989803067,0
20140731 004932733,0.00972791034758,0.00972980336067,0
20140731 004933733,0.00972800498074,0.00972989803067,0
20140731 005039000,0.00972809961574,0.00972999270251,0
20140731 005039500,0.00972800498074,0.00972989803067,0
20140731 005054750,0.00972809961574,0.00972999270251,0
20140731 005055250,0.00972800498074,0.00972989803067,0
20140731 005055483,0.00972809961574,0.00972999270251,0
20140731 005055733,0.00972800498074,0.00972989803067,0
20140731 005109750,0.00972809961574,0.00972999270251,0
20140731 005120250,0.00972800498074,0.00972989803067,0
20140731 005139250,0.00972809961574,0.00972999270251,0
20140731 005139483,0.00972800498074,0.00972989803067,0
20140731 005202750,0.00972791034758,0.00972980336067,0
20140731 005217733,0.00972800498074,0.00972989803067,0
20140731 005239233,0.00972791034758,0.00972980336067,0
20140731 005239483,0.00972800498074,0.00972989803067,0
20140731 005250733,0.00972791034758,0.00972980336067,0
20140731 005253233,0.00972800498074,0.00972989803067,0
20140731 005253407,0.00972791034758,0.00972980336067,0
20140731 005253483,0.00972800498074,0.00972989803067,0
20140731 005253733,0.00972791034758,0.00972980336067,0
20140731 005254483,0.00972800498074,0.00972989803067,0
20140731 005256983,0.00972809961574,0.00972999270251,0
20140731 005257247,0.00972800498074,0.00972989803067,0
20140731 005311997,0.00972791034758,0.00972980336067,0
20140731 005313497,0.00972800498074,0.00972989803067,0
20140731 005313997,0.00972791034758,0.00972980336067,0
20140731 005317997,0.00972800498074,0.00972989803067,0
20140731 005318497,0.00972791034758,0.00972980336067,0
20140731 005319247,0.00972800498074,0.00972989803067,0
20140731 005319497,0.00972791034758,0.00972980336067,0
20140731 005323497,0.00972800498074,0.00972989803067,0
20140731 005325997,0.00972791034758,0.00972980336067,0
20140731 005326247,0.00972800498074,0.00972989803067,0
20140731 005327497,0.00972791034758,0.00972980336067,0
20140731 005327747,0.00972800498074,0.00972989803067,0
20140731 005339997,0.00972809961574,0.00972999270251,0
20140731 005355247,0.00972800498074,0.00972989803067,0
20140731 005410983,0.00972791034758,0.00972980336067,0
20140731 005411733,0.00972800498074,0.00972989803067,0
20140731 005412983,0.00972791034758,0.00972980336067,0
20140731 005413233,0.00972800498074,0.00972989803067,0
20140731 005550997,0.00972809961574,0.00972999270251,0
20140731 005552980,0.00972800498074,0.00972989803067,0
20140731 005611497,0.00972809961574,0.00972999270251,0
20140731 005631747,0.00972819425258,0.00973008737618,0
20140731 005634997,0.00972828889127,0.00973018205171,0
20140731 005635247,0.00972838353179,0.00973027672907,0
20140731 005635497,0.00972847817416,0.00973037140828,0
20140731 005635747,0.00972838353179,0.00973027672907,0
20140731 005637997,0.00972828889127,0.00973018205171,0
20140731 005638247,0.00972819425258,0.00973008737618,0
20140731 005638497,0.00972809961574,0.00972999270251,0
20140731 005638997,0.00972819425258,0.00973008737618,0
20140731 005639497,0.00972809961574,0.00972999270251,0
20140731 005639997,0.00972819425258,0.00973008737618,0
20140731 005643997,0.00972809961574,0.00972999270251,0
20140731 005644247,0.00972819425258,0.00973008737618,0
20140731 005644497,0.00972809961574,0.00972999270251,0
20140731 005644747,0.00972819425258,0.00973008737618,0
20140731 005648247,0.00972809961574,0.00972999270251,0
20140731 005648747,0.00972819425258,0.00973008737618,0
20140731 005651747,0.00972809961574,0.00972999270251,0
20140731 005656747,0.00972819425258,0.00973008737618,0
20140731 005700997,0.00972809961574,0.00972999270251,0
20140731 005707997,0.00972800498074,0.00972989803067,0
20140731 005708497,0.00972809961574,0.00972999270251,0
20140731 005714497,0.00972800498074,0.00972989803067,0
20140731 005714747,0.00972809961574,0.00972999270251,0
20140731 005715497,0.00972800498074,0.00972989803067,0
20140731 005715747,0.00972809961574,0.00972999270251,0
20140731 005717497,0.00972800498074,0.00972989803067,0
20140731 005717747,0.00972809961574,0.00972999270251,0
20140731 005719013,0.00972800498074,0.00972989803067,0
20140731 005719247,0.00972809961574,0.00972999270251,0
20140731 005719747,0.00972800498074,0.00972989803067,0
20140731 005721747,0.00972809961574,0.00972999270251,0
20140731 005729497,0.00972800498074,0.00972989803067,0
20140731 005747247,0.00972809961574,0.00972999270251,0
20140731 005750480,0.00972819425258,0.00973008737618,0
20140731 005753480,0.00972828889127,0.00973018205171,0
20140731 005811763,0.00972819425258,0.00973008737618,0
20140731 005811997,0.00972809961574,0.00972999270251,0
20140731 005812980,0.00972800498074,0.00972989803067,0
20140731 005813480,0.00972809961574,0.00972999270251,0
20140731 005813730,0.00972800498074,0.00972989803067,0
20140731 005814247,0.00972809961574,0.00972999270251,0
20140731 005839997,0.00972819425258,0.00973008737618,0
20140731 005841997,0.00972809961574,0.00972999270251,0
20140731 005852763,0.00972819425258,0.00973008737618,0
20140731 005904247,0.00972809961574,0.00972999270251,0
20140731 005939247,0.00972800498074,0.00972989803067,0
20140731 005941247,0.00972809961574,0.00972999270251,0
20140731 010003247,0.00972819425258,0.00973008737618,0
20140731 010030997,0.00972828889127,0.00973018205171,0
20140731 010031247,0.00972819425258,0.00973008737618,0
20140731 010031997,0.00972828889127,0.00973018205171,0
20140731 010032230,0.00972819425258,0.00973008737618,0
20140731 010055997,0.00972847817416,0.00973037140828,0
20140731 010056247,0.00972866746442,0.00973056077222,0
20140731 010056497,0.00972876211231,0.00973065545695,0
20140731 010058997,0.00972866746442,0.00973056077222,0
20140731 010121747,0.00972857281837,0.00973046608933,0
20140731 010124497,0.00972866746442,0.00973056077222,0
20140731 010127247,0.00972857281837,0.00973046608933,0
20140731 010127497,0.00972866746442,0.00973056077222,0
20140731 010134997,0.00972857281837,0.00973046608933,0
20140731 010135497,0.00972866746442,0.00973056077222,0
20140731 010135747,0.00972857281837,0.00973046608933,0
20140731 010151497,0.00972828889127,0.00973018205171,0
20140731 010152997,0.00972847817416,0.00973037140828,0
20140731 010153497,0.00972857281837,0.00973046608933,0
20140731 010202747,0.00972838353179,0.00973027672907,0
20140731 010212497,0.00972847817416,0.00973037140828,0
20140731 010212747,0.00972838353179,0.00973027672907,0
20140731 010215247,0.00972847817416,0.00973037140828,0
20140731 010221997,0.00972838353179,0.00973027672907,0
20140731 010243493,0.00972847817416,0.00973037140828,0
20140731 010300493,0.00972857281837,0.00973046608933,0
20140731 010300730,0.00972866746442,0.00973056077222,0
20140731 010300993,0.00972857281837,0.00973046608933,0
20140731 010301493,0.00972847817416,0.00973037140828,0
20140731 010302993,0.00972857281837,0.00973046608933,0
20140731 010321493,0.00972847817416,0.00973037140828,0
20140731 010325243,0.00972866746442,0.00973056077222,0
20140731 010325993,0.00972876211231,0.00973065545695,0
20140731 010326243,0.00972866746442,0.00973056077222,0
20140731 010326493,0.00972857281837,0.00973046608933,0
20140731 010331510,0.00972866746442,0.00973056077222,0
20140731 010331743,0.00972857281837,0.00973046608933,0
20140731 010337743,0.00972866746442,0.00973056077222,0
20140731 010338480,0.00972857281837,0.00973046608933,0
20140731 010351493,0.00972866746442,0.00973056077222,0
20140731 010352743,0.00972857281837,0.00973046608933,0
20140731 010400477,0.00972866746442,0.00973056077222,0
20140731 010401727,0.00972857281837,0.00973046608933,0
20140731 010402493,0.00972847817416,0.00973037140828,0
20140731 010403743,0.00972857281837,0.00973046608933,0
20140731 010406243,0.00972866746442,0.00973056077222,0
20140731 010408477,0.00972847817416,0.00973037140828,0
20140731 010412493,0.00972838353179,0.00973027672907,0
20140731 010413243,0.00972847817416,0.00973037140828,0
20140731 010413493,0.00972838353179,0.00973027672907,0
20140731 010413743,0.00972847817416,0.00973037140828,0
20140731 010414243,0.00972866746442,0.00973056077222,0
20140731 010414493,0.00972857281837,0.00973046608933,0
20140731 010415743,0.00972866746442,0.00973056077222,0
20140731 010417743,0.00972857281837,0.00973046608933,0
20140731 010417993,0.00972866746442,0.00973056077222,0
20140731 010419743,0.00972876211231,0.00973065545695,0
20140731 010420727,0.00972866746442,0.00973056077222,0
20140731 010424743,0.00972876211231,0.00973065545695,0
20140731 010427243,0.00972866746442,0.00973056077222,0
20140731 010434743,0.00972857281837,0.00973046608933,0
20140731 010434993,0.00972866746442,0.00973056077222,0
20140731 010455493,0.00972857281837,0.00973046608933,0
20140731 010455743,0.00972866746442,0.00973056077222,0
20140731 010456493,0.00972857281837,0.00973046608933,0
20140731 010456743,0.00972866746442,0.00973056077222,0
20140731 010506243,0.00972857281837,0.00973046608933,0
20140731 010509493,0.00972866746442,0.00973056077222,0
20140731 010516993,0.00972857281837,0.00973046608933,0
20140731 010534993,0.00972866746442,0.00973056077222,0
20140731 010535493,0.00972857281837,0.00973046608933,0
20140731 010635743,0.00972866746442,0.00973056077222,0
20140731 010637493,0.00972838353179,0.00973027672907,0
20140731 010637727,0.00972819425258,0.00973008737618,0
20140731 010637993,0.00972828889127,0.00973018205171,0
20140731 010638743,0.00972809961574,0.00972999270251,0
20140731 010642743,0.00972819425258,0.00973008737618,0
20140731 010642993,0.00972828889127,0.00973018205171,0
20140731 010644243,0.00972838353179,0.00973027672907,0
20140731 010700743,0.00972847817416,0.00973037140828,0
20140731 010730743,0.00972838353179,0.00973027672907,0
20140731 010734243,0.00972866746442,0.00973056077222,0
20140731 010836493,0.00972857281837,0.00973046608933,0
20140731 010836743,0.00972847817416,0.00973037140828,0
20140731 010850493,0.00972857281837,0.00973046608933,0
20140731 010851743,0.00972866746442,0.00973056077222,0
20140731 010905243,0.00972847817416,0.00973037140828,0
20140731 010918243,0.00972857281837,0.00973046608933,0
20140731 010918743,0.00972866746442,0.00973056077222,0
20140731 010920993,0.00972847817416,0.00973037140828,0
20140731 010928493,0.00972857281837,0.00973046608933,0
20140731 010928743,0.00972866746442,0.00973056077222,0
20140731 010937743,0.00972876211231,0.00973065545695,0
20140731 010937993,0.00972866746442,0.00973056077222,0
20140731 010943493,0.00972876211231,0.00973065545695,0
20140731 010946993,0.00972866746442,0.00973056077222,0
20140731 010947243,0.00972876211231,0.00973065545695,0
20140731 010947993,0.00972866746442,0.00973056077222,0
20140731 011108257,0.00972857281837,0.00973046608933,0
20140731 011112763,0.00972866746442,0.00973056077222,0
20140731 011244533,0.00972876211231,0.00973065545695,0
20140731 011310783,0.00972866746442,0.00973056077222,0
20140731 011314033,0.00972857281837,0.00973046608933,0
20140731 011314283,0.00972866746442,0.00973056077222,0
20140731 011314517,0.00972847817416,0.00973037140828,0
20140731 011318267,0.00972866746442,0.00973056077222,0
20140731 011318410,0.00972876211231,0.00973065545695,0
20140731 011318517,0.00972866746442,0.00973056077222,0
20140731 011322033,0.00972847817416,0.00973037140828,0
20140731 011322283,0.00972838353179,0.00973027672907,0
20140731 011330533,0.00972866746442,0.00973056077222,0
20140731 011342033,0.00972847817416,0.00973037140828,0
20140731 011342283,0.00972857281837,0.00973046608933,0
20140731 011343033,0.00972847817416,0.00973037140828,0
20140731 011343283,0.00972838353179,0.00973027672907,0
20140731 011348283,0.00972847817416,0.00973037140828,0
20140731 011355783,0.00972857281837,0.00973046608933,0
20140731 011356033,0.00972847817416,0.00973037140828,0
20140731 011427017,0.00972838353179,0.00973027672907,0
20140731 011427267,0.00972847817416,0.00973037140828,0
20140731 011429767,0.00972838353179,0.00973027672907,0
20140731 011430033,0.00972828889127,0.00973018205171,0
20140731 011434517,0.00972847817416,0.00973037140828,0
20140731 011440783,0.00972838353179,0.00973027672907,0
20140731 011502767,0.00972847817416,0.00973037140828,0
20140731 011519017,0.00972838353179,0.00973027672907,0
20140731 011520267,0.00972847817416,0.00973037140828,0
20140731 011520767,0.00972838353179,0.00973027672907,0
20140731 011537783,0.00972847817416,0.00973037140828,0
20140731 011538783,0.00972838353179,0.00973027672907,0
20140731 011539283,0.00972847817416,0.00973037140828,0
20140731 011556033,0.00972857281837,0.00973046608933,0
20140731 011556533,0.00972847817416,0.00973037140828,0
20140731 011558533,0.00972857281837,0.00973046608933,0
20140731 011558783,0.00972876211231,0.00973065545695,0
20140731 011559783,0.00972857281837,0.00973046608933,0
20140731 011605783,0.00972828889127,0.00973018205171,0
20140731 011619783,0.00972838353179,0.00973027672907,0
20140731 011639033,0.00972828889127,0.00973018205171,0
20140731 011646047,0.00972819425258,0.00973008737618,0
20140731 011646797,0.00972828889127,0.00973018205171,0
20140731 011647033,0.00972819425258,0.00973008737618,0
20140731 011647533,0.00972828889127,0.00973018205171,0
20140731 011649533,0.00972819425258,0.00973008737618,0
20140731 011655783,0.00972828889127,0.00973018205171,0
20140731 011656033,0.00972819425258,0.00973008737618,0
20140731 011705017,0.00972800498074,0.00972989803067,0
20140731 011719033,0.00972828889127,0.00973018205171,0
20140731 011719283,0.00972857281837,0.00973046608933,0
20140731 011719533,0.00972847817416,0.00973037140828,0
20140731 011720783,0.00972866746442,0.00973056077222,0
20140731 011824283,0.00972847817416,0.00973037140828,0
20140731 011824533,0.00972838353179,0.00973027672907,0
20140731 011828283,0.00972847817416,0.00973037140828,0
20140731 011830297,0.00972857281837,0.00973046608933,0
20140731 011830533,0.00972866746442,0.00973056077222,0
20140731 011843783,0.00972847817416,0.00973037140828,0
20140731 011848533,0.00972838353179,0.00973027672907,0
20140731 011849783,0.00972847817416,0.00973037140828,0
20140731 011853033,0.00972838353179,0.00973027672907,0
20140731 011853533,0.00972847817416,0.00973037140828,0
20140731 011854283,0.00972838353179,0.00973027672907,0
20140731 011854783,0.00972847817416,0.00973037140828,0
20140731 011920783,0.00972838353179,0.00973027672907,0
20140731 011922533,0.00972847817416,0.00973037140828,0
20140731 011948283,0.00972838353179,0.00973027672907,0
20140731 012003280,0.00972847817416,0.00973037140828,0
20140731 012003780,0.00972838353179,0.00973027672907,0
20140731 012005030,0.00972847817416,0.00973037140828,0
20140731 012008530,0.00972838353179,0.00973027672907,0
20140731 012029530,0.00972828889127,0.00973018205171,0
20140731 012035030,0.00972838353179,0.00973027672907,0
20140731 012036530,0.00972857281837,0.00973046608933,0
20140731 012036780,0.00972866746442,0.00973056077222,0
20140731 012037530,0.00972847817416,0.00973037140828,0
20140731 012040047,0.00972838353179,0.00973027672907,0
20140731 012042030,0.00972857281837,0.00973046608933,0
20140731 012043280,0.00972847817416,0.00973037140828,0
20140731 012055280,0.00972857281837,0.00973046608933,0
20140731 012055530,0.00972866746442,0.00973056077222,0
20140731 012057030,0.00972857281837,0.00973046608933,0
20140731 012057280,0.00972847817416,0.00973037140828,0
20140731 012059280,0.00972857281837,0.00973046608933,0
20140731 012059530,0.00972866746442,0.00973056077222,0
20140731 012113030,0.00972876211231,0.00973065545695,0
20140731 012113297,0.00972866746442,0.00973056077222,0
20140731 012113797,0.00972876211231,0.00973065545695,0
20140731 012114297,0.00972866746442,0.00973056077222,0
20140731 012118047,0.00972857281837,0.00973046608933,0
20140731 012118547,0.00972866746442,0.00973056077222,0
20140731 012119797,0.00972857281837,0.00973046608933,0
20140731 012125797,0.00972866746442,0.00973056077222,0
20140731 012135297,0.00972895141362,0.00973084483195,0
20140731 012135797,0.00972876211231,0.00973065545695,0
20140731 012205063,0.00972866746442,0.00973056077222,0
20140731 012322797,0.00972876211231,0.00973065545695,0
20140731 012323030,0.00972885676204,0.00973075014353,0
20140731 012323547,0.00972876211231,0.00973065545695,0
20140731 012332547,0.00972885676204,0.00973075014353,0
20140731 012337797,0.00972866746442,0.00973056077222,0
20140731 012339047,0.00972857281837,0.00973046608933,0
20140731 012406547,0.00972876211231,0.00973065545695,0
20140731 012408797,0.00972961402621,0.00973150770249,0
20140731 012409047,0.00972942469912,0.00973131830169,0
20140731 012410297,0.00972933003833,0.00973122360406,0
20140731 012410547,0.00972942469912,0.00973131830169,0
20140731 012411530,0.00972961402621,0.00973150770249,0
20140731 012412297,0.00972942469912,0.00973131830169,0
20140731 012412797,0.00972951936174,0.00973141300117,0
20140731 012413297,0.00972942469912,0.00973131830169,0
20140731 012416780,0.00972933003833,0.00973122360406,0
20140731 012425547,0.00972923537939,0.00973112890826,0
20140731 012426280,0.00972933003833,0.00973122360406,0
20140731 012436280,0.00972951936174,0.00973141300117,0
20140731 012451547,0.00972961402621,0.00973150770249,0
20140731 012510797,0.00972951936174,0.00973141300117,0
20140731 012519297,0.00972961402621,0.00973150770249,0
20140731 012539297,0.00972951936174,0.00973141300117,0
20140731 012539547,0.00972961402621,0.00973150770249,0
20140731 012540047,0.00972951936174,0.00973141300117,0
20140731 012541797,0.00972961402621,0.00973150770249,0
20140731 012544047,0.00972951936174,0.00973141300117,0
20140731 012544547,0.00972961402621,0.00973150770249,0
20140731 012545297,0.00972951936174,0.00973141300117,0
20140731 012545547,0.00972961402621,0.00973150770249,0
20140731 012548797,0.00972951936174,0.00973141300117,0
20140731 012549547,0.00972961402621,0.00973150770249,0
20140731 012553297,0.00972951936174,0.00973141300117,0
20140731 012553547,0.00972961402621,0.00973150770249,0
20140731 012556297,0.00972951936174,0.00973141300117,0
20140731 012556547,0.00972961402621,0.00973150770249,0
20140731 012609047,0.00972942469912,0.00973131830169,0
20140731 012609297,0.00972933003833,0.00973122360406,0
20140731 012610297,0.00972951936174,0.00973141300117,0
20140731 012611047,0.00972961402621,0.00973150770249,0
20140731 012650543,0.00972942469912,0.00973131830169,0
20140731 012650793,0.00972933003833,0.00973122360406,0
20140731 012656293,0.00972951936174,0.00973141300117,0
20140731 012718043,0.00972933003833,0.00973122360406,0
20140731 012720043,0.00972923537939,0.00973112890826,0
20140731 012720293,0.00972933003833,0.00973122360406,0
20140731 012721043,0.00972942469912,0.00973131830169,0
20140731 012721293,0.00972951936174,0.00973141300117,0
20140731 012725543,0.00972961402621,0.00973150770249,0
20140731 012732793,0.00972942469912,0.00973131830169,0
20140731 012733543,0.00972951936174,0.00973141300117,0
20140731 012739793,0.00972961402621,0.00973150770249,0
20140731 012749293,0.00972970869252,0.00973160240565,0
20140731 012750043,0.00972961402621,0.00973150770249,0
20140731 012752543,0.00972970869252,0.00973160240565,0
20140731 012752793,0.00972961402621,0.00973150770249,0
20140731 012755793,0.00972970869252,0.00973160240565,0
20140731 012758043,0.00972961402621,0.00973150770249,0
20140731 012802293,0.00972951936174,0.00973141300117,0
20140731 012802543,0.00972961402621,0.00973150770249,0
20140731 012807043,0.00972951936174,0.00973141300117,0
20140731 012807793,0.00972961402621,0.00973150770249,0
20140731 012829527,0.00972942469912,0.00973131830169,0
20140731 012834027,0.00972933003833,0.00973122360406,0
20140731 012837293,0.00972951936174,0.00973141300117,0
20140731 012902543,0.00972942469912,0.00973131830169,0
20140731 012909543,0.00972961402621,0.00973150770249,0
20140731 012916793,0.00972951936174,0.00973141300117,0
20140731 012917043,0.00972942469912,0.00973131830169,0
20140731 012919293,0.00972951936174,0.00973141300117,0
20140731 012919543,0.00972961402621,0.00973150770249,0
20140731 012928043,0.00972951936174,0.00973141300117,0
20140731 012928293,0.00972942469912,0.00973131830169,0
20140731 012930543,0.00972961402621,0.00973150770249,0
20140731 012934043,0.00972951936174,0.00973141300117,0
20140731 012934293,0.00972942469912,0.00973131830169,0
20140731 012936043,0.00972933003833,0.00973122360406,0
20140731 012936293,0.00972923537939,0.00973112890826,0
20140731 012936543,0.00972914072229,0.00973103421432,0
20140731 012936793,0.00972951936174,0.00973141300117,0
20140731 012937043,0.00972961402621,0.00973150770249,0
20140731 012937293,0.00972951936174,0.00973141300117,0
20140731 012937543,0.00972933003833,0.00973122360406,0
20140731 012945543,0.00972923537939,0.00973112890826,0
20140731 012946293,0.00972914072229,0.00973103421432,0
20140731 012946543,0.00972923537939,0.00973112890826,0
20140731 012947293,0.00972914072229,0.00973103421432,0
20140731 012951043,0.00972923537939,0.00973112890826,0
20140731 012958043,0.00972942469912,0.00973131830169,0
20140731 013003293,0.00972923537939,0.00973112890826,0
20140731 013007043,0.00972933003833,0.00973122360406,0
20140731 013010293,0.00972942469912,0.00973131830169,0
20140731 013012293,0.00972933003833,0.00973122360406,0
20140731 013017293,0.00972942469912,0.00973131830169,0
20140731 013018293,0.00972933003833,0.00973122360406,0
20140731 013018793,0.00972923537939,0.00973112890826,0
20140731 013030277,0.00972933003833,0.00973122360406,0
20140731 013036293,0.00972951936174,0.00973141300117,0
20140731 013036543,0.00972961402621,0.00973150770249,0
20140731 013036793,0.00972951936174,0.00973141300117,0
20140731 013037043,0.00972961402621,0.00973150770249,0
20140731 013133293,0.00972970869252,0.00973160240565,0
20140731 013201793,0.00972961402621,0.00973150770249,0
20140731 013202293,0.00972970869252,0.00973160240565,0
20140731 013204293,0.00972961402621,0.00973150770249,0
20140731 013204793,0.00972970869252,0.00973160240565,0
20140731 013205543,0.00972961402621,0.00973150770249,0
20140731 013208057,0.00972970869252,0.00973160240565,0
20140731 013210293,0.00972961402621,0.00973150770249,0
20140731 013219043,0.00972970869252,0.00973160240565,0
20140731 013230043,0.00972980336067,0.00973169711066,0
20140731 013230543,0.00972970869252,0.00973160240565,0
20140731 013250057,0.00972980336067,0.00973169711066,0
20140731 013250293,0.00972970869252,0.00973160240565,0
20140731 013253793,0.00972980336067,0.00973169711066,0
20140731 013255293,0.00972970869252,0.00973160240565,0
20140731 013255543,0.00972980336067,0.00973169711066,0
20140731 013302043,0.00972970869252,0.00973160240565,0
20140731 013304043,0.00972989803067,0.00973179181751,0
20140731 013304293,0.00972980336067,0.00973169711066,0
20140731 013305043,0.00972989803067,0.00973179181751,0
20140731 013308543,0.00972970869252,0.00973160240565,0
20140731 013308793,0.00972980336067,0.00973169711066,0
20140731 013309543,0.00972970869252,0.00973160240565,0
20140731 013310293,0.00972980336067,0.00973169711066,0
20140731 013310793,0.00972970869252,0.00973160240565,0
20140731 013324793,0.00972980336067,0.00973169711066,0
20140731 013325293,0.00972970869252,0.00973160240565,0
20140731 013326293,0.00972980336067,0.00973169711066,0
20140731 013326543,0.00972989803067,0.00973179181751,0
20140731 013326793,0.00973008737618,0.00973198123674,0
20140731 013329543,0.00973018205171,0.00973207594912,0
20140731 013329793,0.00973008737618,0.00973198123674,0
20140731 013332293,0.00973018205171,0.00973207594912,0
20140731 013421543,0.00973046608933,0.00973236009732,0
20140731 013427793,0.00973056077222,0.00973245481708,0
20140731 013434290,0.00973065545695,0.00973254953868,0
20140731 013436290,0.00973075014353,0.00973264426212,0
20140731 013437290,0.00973065545695,0.00973254953868,0
20140731 013438790,0.00973075014353,0.00973264426212,0
20140731 013441790,0.00973056077222,0.00973245481708,0
20140731 013442040,0.00973075014353,0.00973264426212,0
20140731 013442790,0.00973103421432,0.00973292844351,0
20140731 013443040,0.00973122360406,0.00973311790699,0
20140731 013447040,0.00973141300117,0.00973330737785,0
20140731 013447540,0.00973131830169,0.0097332126415,0
20140731 013453027,0.00973122360406,0.00973311790699,0
20140731 013453540,0.00973112890826,0.00973302317433,0
20140731 013453790,0.00973093952221,0.00973283371454,0
20140731 013454290,0.00973084483195,0.00973273898741,0
20140731 013454790,0.00973075014353,0.00973264426212,0
20140731 013455290,0.00973084483195,0.00973273898741,0
20140731 013502290,0.00973093952221,0.00973283371454,0
20140731 013502540,0.00973103421432,0.00973292844351,0
20140731 013502790,0.00973093952221,0.00973283371454,0
20140731 013503040,0.00973084483195,0.00973273898741,0
20140731 013509290,0.00973075014353,0.00973264426212,0
20140731 013509527,0.00973065545695,0.00973254953868,0
20140731 013510277,0.00973075014353,0.00973264426212,0
20140731 013512540,0.00973056077222,0.00973245481708,0
20140731 013513027,0.00973065545695,0.00973254953868,0
20140731 013513527,0.00973056077222,0.00973245481708,0
20140731 013516777,0.00973065545695,0.00973254953868,0
20140731 013517277,0.00973056077222,0.00973245481708,0
20140731 013517777,0.00973065545695,0.00973254953868,0
20140731 013519027,0.00973093952221,0.00973283371454,0
20140731 013519290,0.00973103421432,0.00973292844351,0
20140731 013519527,0.00973093952221,0.00973283371454,0
20140731 013519790,0.00973084483195,0.00973273898741,0
20140731 013520027,0.00973065545695,0.00973254953868,0
20140731 013520290,0.00973075014353,0.00973264426212,0
20140731 013520777,0.00973084483195,0.00973273898741,0
20140731 013524290,0.00973075014353,0.00973264426212,0
20140731 013524527,0.00973065545695,0.00973254953868,0
20140731 013528790,0.00973075014353,0.00973264426212,0
20140731 013532527,0.00973065545695,0.00973254953868,0
20140731 013534027,0.00973075014353,0.00973264426212,0
20140731 013534527,0.00973065545695,0.00973254953868,0
20140731 013556527,0.00973075014353,0.00973264426212,0
20140731 013556777,0.00973065545695,0.00973254953868,0
20140731 013559790,0.00973075014353,0.00973264426212,0
20140731 013608027,0.00973065545695,0.00973254953868,0
20140731 013619027,0.00973056077222,0.00973245481708,0
20140731 013629790,0.00973065545695,0.00973254953868,0
20140731 013634540,0.00973056077222,0.00973245481708,0
20140731 013647527,0.00973065545695,0.00973254953868,0
20140731 013647790,0.00973075014353,0.00973264426212,0
20140731 013649790,0.00973084483195,0.00973273898741,0
20140731 013650040,0.00973075014353,0.00973264426212,0
20140731 013700540,0.00973084483195,0.00973273898741,0
20140731 013702790,0.00973093952221,0.00973283371454,0
20140731 013703540,0.00973084483195,0.00973273898741,0
20140731 013709290,0.00973075014353,0.00973264426212,0
20140731 013709540,0.00973084483195,0.00973273898741,0
20140731 013724790,0.00973103421432,0.00973292844351,0
20140731 013725290,0.00973122360406,0.00973311790699,0
20140731 013731557,0.00973141300117,0.00973330737785,0
20140731 013731790,0.00973160240565,0.00973349685608,0
20140731 013732040,0.00973150770249,0.00973340211604,0
20140731 013732790,0.00973160240565,0.00973349685608,0
20140731 013733540,0.00973131830169,0.0097332126415,0
20140731 013733790,0.00973122360406,0.00973311790699,0
20140731 013735540,0.00973131830169,0.0097332126415,0
20140731 013738290,0.00973141300117,0.00973330737785,0
20140731 013738790,0.00973150770249,0.00973340211604,0
20140731 013739040,0.00973141300117,0.00973330737785,0
20140731 013739790,0.00973150770249,0.00973340211604,0
20140731 013740040,0.00973141300117,0.00973330737785,0
20140731 013740290,0.00973150770249,0.00973340211604,0
20140731 013740540,0.00973141300117,0.00973330737785,0
20140731 013744040,0.00973150770249,0.00973340211604,0
20140731 013744290,0.00973141300117,0.00973330737785,0
20140731 013744540,0.00973150770249,0.00973340211604,0
20140731 013744790,0.00973141300117,0.00973330737785,0
20140731 013745790,0.00973150770249,0.00973340211604,0
20140731 013746040,0.00973141300117,0.00973330737785,0
20140731 013746540,0.00973131830169,0.0097332126415,0
20140731 013804040,0.00973122360406,0.00973311790699,0
20140731 013805290,0.00973131830169,0.0097332126415,0
20140731 013809040,0.00973141300117,0.00973330737785,0
20140731 013815290,0.00973150770249,0.00973340211604,0
20140731 013815790,0.00973141300117,0.00973330737785,0
20140731 013816057,0.00973150770249,0.00973340211604,0
20140731 013816540,0.00973141300117,0.00973330737785,0
20140731 013817040,0.00973150770249,0.00973340211604,0
20140731 013819540,0.00973141300117,0.00973330737785,0
20140731 013822790,0.00973150770249,0.00973340211604,0
20140731 013823040,0.00973141300117,0.00973330737785,0
20140731 013823290,0.00973150770249,0.00973340211604,0
20140731 013824040,0.00973141300117,0.00973330737785,0
20140731 013825273,0.00973150770249,0.00973340211604,0
20140731 013827290,0.00973160240565,0.00973349685608,0
20140731 013844540,0.00973150770249,0.00973340211604,0
20140731 013845540,0.00973160240565,0.00973349685608,0
20140731 013847290,0.00973150770249,0.00973340211604,0
20140731 013848540,0.00973160240565,0.00973349685608,0
20140731 013849040,0.00973150770249,0.00973340211604,0
20140731 013853540,0.00973141300117,0.00973330737785,0
20140731 013853790,0.00973122360406,0.00973311790699,0
20140731 013854290,0.00973131830169,0.0097332126415,0
20140731 013854540,0.00973122360406,0.00973311790699,0
20140731 013854790,0.00973131830169,0.0097332126415,0
20140731 013856040,0.00973122360406,0.00973311790699,0
20140731 013856290,0.00973131830169,0.0097332126415,0
20140731 013856540,0.00973122360406,0.00973311790699,0
20140731 013856790,0.00973131830169,0.0097332126415,0
20140731 013901040,0.00973150770249,0.00973340211604,0
20140731 013901290,0.00973160240565,0.00973349685608,0
20140731 013901540,0.00973150770249,0.00973340211604,0
20140731 013909540,0.00973131830169,0.0097332126415,0
20140731 013909790,0.00973141300117,0.00973330737785,0
20140731 013910040,0.00973150770249,0.00973340211604,0
20140731 013910290,0.00973131830169,0.0097332126415,0
20140731 013910540,0.00973122360406,0.00973311790699,0
20140731 013916040,0.00973131830169,0.0097332126415,0
20140731 013918540,0.00973141300117,0.00973330737785,0
20140731 013918790,0.00973150770249,0.00973340211604,0
20140731 013932290,0.00973160240565,0.00973349685608,0
20140731 013932790,0.00973150770249,0.00973340211604,0
20140731 013933023,0.00973131830169,0.0097332126415,0
20140731 013933290,0.00973122360406,0.00973311790699,0
20140731 013935040,0.00973141300117,0.00973330737785,0
20140731 013935290,0.00973131830169,0.0097332126415,0
20140731 013935790,0.00973122360406,0.00973311790699,0
20140731 013944040,0.00973131830169,0.0097332126415,0
20140731 013954040,0.00973141300117,0.00973330737785,0
20140731 013954540,0.00973150770249,0.00973340211604,0
20140731 014011540,0.00973131830169,0.0097332126415,0
20140731 014011790,0.00973122360406,0.00973311790699,0
20140731 014025540,0.00973112890826,0.00973302317433,0
20140731 014027540,0.00973122360406,0.00973311790699,0
20140731 014045540,0.00973141300117,0.00973330737785,0
20140731 014046290,0.00973131830169,0.0097332126415,0
20140731 014109790,0.00973122360406,0.00973311790699,0
20140731 014110290,0.00973112890826,0.00973302317433,0
20140731 014110540,0.00973093952221,0.00973283371454,0
20140731 014110790,0.00973075014353,0.00973264426212,0
20140731 014111057,0.00973056077222,0.00973245481708,0
20140731 014112540,0.00973065545695,0.00973254953868,0
20140731 014114540,0.00973093952221,0.00973283371454,0
20140731 014114790,0.00973075014353,0.00973264426212,0
20140731 014115040,0.00973065545695,0.00973254953868,0
20140731 014131040,0.00973056077222,0.00973245481708,0
20140731 014202790,0.00973065545695,0.00973254953868,0
20140731 014203040,0.00973056077222,0.00973245481708,0
20140731 014205040,0.00973046608933,0.00973236009732,0
20140731 014205290,0.00973027672907,0.00973217066334,0
20140731 014207790,0.00973037140828,0.00973226537941,0
20140731 014208040,0.00973027672907,0.00973217066334,0
20140731 014209040,0.00973037140828,0.00973226537941,0
20140731 014212540,0.00973027672907,0.00973217066334,0
20140731 014213040,0.00973037140828,0.00973226537941,0
20140731 014213540,0.00973027672907,0.00973217066334,0
20140731 014214790,0.00973018205171,0.00973207594912,0
20140731 014215290,0.00973027672907,0.00973217066334,0
20140731 014229537,0.00973037140828,0.00973226537941,0
20140731 014229787,0.00973027672907,0.00973217066334,0
20140731 014234287,0.00973037140828,0.00973226537941,0
20140731 014234787,0.00973027672907,0.00973217066334,0
20140731 014235037,0.00973037140828,0.00973226537941,0
20140731 014245787,0.00973046608933,0.00973236009732,0
20140731 014246787,0.00973037140828,0.00973226537941,0
20140731 014248037,0.00973046608933,0.00973236009732,0
20140731 014252537,0.00973037140828,0.00973226537941,0
20140731 014257037,0.00973027672907,0.00973217066334,0
20140731 014258037,0.00973018205171,0.00973207594912,0
20140731 014306787,0.00973027672907,0.00973217066334,0
20140731 014308787,0.00973018205171,0.00973207594912,0
20140731 014322287,0.00973027672907,0.00973217066334,0
20140731 014326537,0.00973037140828,0.00973226537941,0
20140731 014332537,0.00973056077222,0.00973245481708,0
20140731 014332787,0.00973065545695,0.00973254953868,0
20140731 014333287,0.00973056077222,0.00973245481708,0
20140731 014337037,0.00973065545695,0.00973254953868,0
20140731 014338287,0.00973056077222,0.00973245481708,0
20140731 014343537,0.00973075014353,0.00973264426212,0
20140731 014343787,0.00973065545695,0.00973254953868,0
20140731 014344787,0.00973075014353,0.00973264426212,0
20140731 014348037,0.00973065545695,0.00973254953868,0
20140731 014348537,0.00973056077222,0.00973245481708,0
20140731 014351537,0.00973065545695,0.00973254953868,0
20140731 014354787,0.00973075014353,0.00973264426212,0
20140731 014402553,0.00973084483195,0.00973273898741,0
20140731 014402787,0.00973075014353,0.00973264426212,0
20140731 014411787,0.00973084483195,0.00973273898741,0
20140731 014413787,0.00973075014353,0.00973264426212,0
20140731 014414037,0.00973084483195,0.00973273898741,0
20140731 014414287,0.00973075014353,0.00973264426212,0
20140731 014416523,0.00973084483195,0.00973273898741,0
20140731 014416787,0.00973075014353,0.00973264426212,0
20140731 014437287,0.00973056077222,0.00973245481708,0
20140731 014442787,0.00973065545695,0.00973254953868,0
20140731 014443287,0.00973056077222,0.00973245481708,0
20140731 014443537,0.00973065545695,0.00973254953868,0
20140731 014511037,0.00973056077222,0.00973245481708,0
20140731 014511287,0.00973065545695,0.00973254953868,0
20140731 014516787,0.00973056077222,0.00973245481708,0
20140731 014517037,0.00973037140828,0.00973226537941,0
20140731 014519287,0.00973046608933,0.00973236009732,0
20140731 014519537,0.00973056077222,0.00973245481708,0
20140731 014520537,0.00973065545695,0.00973254953868,0
20140731 014520787,0.00973056077222,0.00973245481708,0
20140731 014522537,0.00973046608933,0.00973236009732,0
20140731 014523037,0.00973056077222,0.00973245481708,0
20140731 014524537,0.00973065545695,0.00973254953868,0
20140731 014527537,0.00973075014353,0.00973264426212,0
20140731 014530037,0.00973065545695,0.00973254953868,0
20140731 014530287,0.00973075014353,0.00973264426212,0
20140731 014533037,0.00973084483195,0.00973273898741,0
20140731 014539537,0.00973075014353,0.00973264426212,0
20140731 014540523,0.00973084483195,0.00973273898741,0
20140731 014541287,0.00973075014353,0.00973264426212,0
20140731 014541537,0.00973065545695,0.00973254953868,0
20140731 014542287,0.00973056077222,0.00973245481708,0
20140731 014554537,0.00973065545695,0.00973254953868,0
20140731 014606537,0.00973056077222,0.00973245481708,0
20140731 014700270,0.00973046608933,0.00973236009732,0
20140731 014700520,0.00973037140828,0.00973226537941,0
20140731 014705520,0.00973027672907,0.00973217066334,0
20140731 014708787,0.00973037140828,0.00973226537941,0
20140731 014714787,0.00973046608933,0.00973236009732,0
20140731 014715520,0.00973056077222,0.00973245481708,0
20140731 014716287,0.00973046608933,0.00973236009732,0
20140731 014716520,0.00973056077222,0.00973245481708,0
20140731 014717770,0.00973037140828,0.00973226537941,0
20140731 014721287,0.00973046608933,0.00973236009732,0
20140731 014721520,0.00973056077222,0.00973245481708,0
20140731 014723020,0.00973046608933,0.00973236009732,0
20140731 014723787,0.00973056077222,0.00973245481708,0
20140731 014728020,0.00973037140828,0.00973226537941,0
20140731 014732037,0.00973046608933,0.00973236009732,0
20140731 014739270,0.00973056077222,0.00973245481708,0
20140731 014741520,0.00973065545695,0.00973254953868,0
20140731 014744520,0.00973056077222,0.00973245481708,0
20140731 014748520,0.00973065545695,0.00973254953868,0
20140731 014754787,0.00973056077222,0.00973245481708,0
20140731 014804270,0.00973046608933,0.00973236009732,0
20140731 014806037,0.00973056077222,0.00973245481708,0
20140731 014806287,0.00973046608933,0.00973236009732,0
20140731 014806520,0.00973037140828,0.00973226537941,0
20140731 014807803,0.00973018205171,0.00973207594912,0
20140731 014808537,0.00973037140828,0.00973226537941,0
20140731 014810037,0.00973046608933,0.00973236009732,0
20140731 014812287,0.00973037140828,0.00973226537941,0
20140731 014812787,0.00973046608933,0.00973236009732,0
20140731 014813787,0.00973056077222,0.00973245481708,0
20140731 014814037,0.00973093952221,0.00973283371454,0
20140731 014814287,0.00973112890826,0.00973302317433,0
20140731 014814537,0.00973103421432,0.00973292844351,0
20140731 014816537,0.00973112890826,0.00973302317433,0
20140731 014830537,0.00973122360406,0.00973311790699,0
20140731 014854037,0.00973112890826,0.00973302317433,0
20140731 014854287,0.00973103421432,0.00973292844351,0
20140731 014856537,0.00973112890826,0.00973302317433,0
20140731 014856787,0.00973122360406,0.00973311790699,0
20140731 014858037,0.00973131830169,0.0097332126415,0
20140731 014859787,0.00973122360406,0.00973311790699,0
20140731 014900537,0.00973131830169,0.0097332126415,0
20140731 014902287,0.00973122360406,0.00973311790699,0
20140731 014906037,0.00973131830169,0.0097332126415,0
20140731 014906287,0.00973122360406,0.00973311790699,0
20140731 014907037,0.00973131830169,0.0097332126415,0
20140731 014907287,0.00973122360406,0.00973311790699,0
20140731 014907537,0.00973131830169,0.0097332126415,0
20140731 014907787,0.00973122360406,0.00973311790699,0
20140731 014910037,0.00973131830169,0.0097332126415,0
20140731 014910537,0.00973141300117,0.00973330737785,0
20140731 014910787,0.00973160240565,0.00973349685608,0
20140731 014935537,0.00973150770249,0.00973340211604,0
20140731 014935787,0.00973160240565,0.00973349685608,0
20140731 014943037,0.00973150770249,0.00973340211604,0
20140731 014943537,0.00973160240565,0.00973349685608,0
20140731 014947537,0.00973169711066,0.00973359159796,0
20140731 014948537,0.00973160240565,0.00973349685608,0
20140731 014948787,0.00973169711066,0.00973359159796,0
20140731 015004787,0.00973160240565,0.00973349685608,0
20140731 015005037,0.00973169711066,0.00973359159796,0
20140731 015037287,0.00973160240565,0.00973349685608,0
20140731 015038287,0.00973169711066,0.00973359159796,0
20140731 015050287,0.00973160240565,0.00973349685608,0
20140731 015052787,0.00973169711066,0.00973359159796,0
20140731 015058287,0.00973160240565,0.00973349685608,0
20140731 015100037,0.00973169711066,0.00973359159796,0
20140731 015105537,0.00973160240565,0.00973349685608,0
20140731 015110787,0.00973169711066,0.00973359159796,0
20140731 015112037,0.00973160240565,0.00973349685608,0
20140731 015113410,0.00973169711066,0.00973359159796,0
20140731 015126037,0.00973160240565,0.00973349685608,0
20140731 015126787,0.00973169711066,0.00973359159796,0
20140731 015133537,0.00973160240565,0.00973349685608,0
20140731 015134287,0.00973169711066,0.00973359159796,0
20140731 015135287,0.00973160240565,0.00973349685608,0
20140731 015154037,0.00973150770249,0.00973340211604,0
20140731 015200037,0.00973160240565,0.00973349685608,0
20140731 015200287,0.00973150770249,0.00973340211604,0
20140731 015222020,0.00973160240565,0.00973349685608,0
20140731 015223287,0.00973150770249,0.00973340211604,0
20140731 015225787,0.00973141300117,0.00973330737785,0
20140731 015226520,0.00973150770249,0.00973340211604,0
20140731 015240270,0.00973141300117,0.00973330737785,0
20140731 015243020,0.00973150770249,0.00973340211604,0
20140731 015247020,0.00973141300117,0.00973330737785,0
20140731 015247270,0.00973150770249,0.00973340211604,0
20140731 015257520,0.00973141300117,0.00973330737785,0
20140731 015259020,0.00973150770249,0.00973340211604,0
20140731 015259270,0.00973141300117,0.00973330737785,0
20140731 015259520,0.00973150770249,0.00973340211604,0
20140731 015300020,0.00973141300117,0.00973330737785,0
20140731 015301283,0.00973150770249,0.00973340211604,0
20140731 015301770,0.00973141300117,0.00973330737785,0
20140731 015317520,0.00973169711066,0.00973359159796,0
20140731 015317783,0.00973179181751,0.00973368634169,0
20140731 015318020,0.00973169711066,0.00973359159796,0
20140731 015323020,0.00973160240565,0.00973349685608,0
20140731 015323270,0.00973169711066,0.00973359159796,0
20140731 015324020,0.0097318865262,0.00973378108726,0
20140731 015324270,0.00973198123674,0.00973387583468,0
20140731 015324520,0.00973179181751,0.00973368634169,0
20140731 015325520,0.00973198123674,0.00973387583468,0
20140731 015326020,0.0097318865262,0.00973378108726,0
20140731 015328020,0.00973198123674,0.00973387583468,0
20140731 015329770,0.00973179181751,0.00973368634169,0
20140731 015330020,0.0097318865262,0.00973378108726,0
20140731 015330270,0.00973198123674,0.00973387583468,0
20140731 015330770,0.00973179181751,0.00973368634169,0
20140731 015331020,0.00973198123674,0.00973387583468,0
20140731 015331283,0.0097318865262,0.00973378108726,0
20140731 015334020,0.00973207594912,0.00973397058394,0
20140731 015334270,0.00973226537941,0.009734160088,0
20140731 015334520,0.00973254953868,0.00973444435792,0
20140731 015335020,0.00973264426212,0.00973453911825,0
20140731 015335283,0.00973254953868,0.00973444435792,0
20140731 015336270,0.00973264426212,0.00973453911825,0
20140731 015338520,0.00973254953868,0.00973444435792,0
20140731 015338783,0.00973264426212,0.00973453911825,0
20140731 015339520,0.00973273898741,0.00973463388042,0
20140731 015349517,0.00973283371454,0.00973472864444,0
20140731 015349767,0.00973273898741,0.00973463388042,0
20140731 015350017,0.00973283371454,0.00973472864444,0
20140731 015350283,0.00973273898741,0.00973463388042,0
20140731 015351283,0.00973264426212,0.00973453911825,0
20140731 015358283,0.00973254953868,0.00973444435792,0
20140731 015358517,0.00973264426212,0.00973453911825,0
20140731 015401533,0.00973273898741,0.00973463388042,0
20140731 015404017,0.00973264426212,0.00973453911825,0
20140731 015406517,0.00973273898741,0.00973463388042,0
20140731 015409017,0.00973264426212,0.00973453911825,0
20140731 015411017,0.00973254953868,0.00973444435792,0
20140731 015411283,0.00973264426212,0.00973453911825,0
20140731 015420017,0.00973273898741,0.00973463388042,0
20140731 015427783,0.00973264426212,0.00973453911825,0
20140731 015432033,0.00973273898741,0.00973463388042,0
20140731 015432533,0.00973264426212,0.00973453911825,0
20140731 015433033,0.00973273898741,0.00973463388042,0
20140731 015433533,0.00973264426212,0.00973453911825,0
20140731 015434533,0.00973292844351,0.0097348234103,0
20140731 015434783,0.00973264426212,0.00973453911825,0
20140731 015435050,0.00973273898741,0.00973463388042,0
20140731 015436783,0.00973264426212,0.00973453911825,0
20140731 015440783,0.00973245481708,0.00973434959943,0
20140731 015441017,0.00973264426212,0.00973453911825,0
20140731 015441283,0.00973254953868,0.00973444435792,0
20140731 015448517,0.00973245481708,0.00973434959943,0
20140731 015452783,0.00973236009732,0.00973425484279,0
20140731 015457783,0.00973245481708,0.00973434959943,0
20140731 015504517,0.00973254953868,0.00973444435792,0
20140731 015509767,0.00973245481708,0.00973434959943,0
20140731 015526517,0.00973264426212,0.00973453911825,0
20140731 015526783,0.00973283371454,0.00973472864444,0
20140731 015527033,0.00973302317433,0.00973491817801,0
20140731 015533017,0.00973311790699,0.00973501294757,0
20140731 015534267,0.00973283371454,0.00973472864444,0
20140731 015534517,0.00973292844351,0.0097348234103,0
20140731 015535517,0.00973302317433,0.00973491817801,0
20140731 015535783,0.00973311790699,0.00973501294757,0
20140731 015536267,0.00973330737785,0.00973520249221,0
20140731 015536533,0.00973340211604,0.0097352972673,0
20140731 015542017,0.00973378108726,0.00973567638612,0
20140731 015542267,0.00973359159796,0.00973548682302,0
20140731 015542517,0.00973340211604,0.0097352972673,0
20140731 015545783,0.00973349685608,0.00973539204424,0
20140731 015551517,0.00973359159796,0.00973548682302,0
20140731 015552283,0.00973349685608,0.00973539204424,0
20140731 015553033,0.00973359159796,0.00973548682302,0
20140731 015553283,0.00973368634169,0.00973558160365,0
20140731 015553407,0.00973359159796,0.00973548682302,0
20140731 015555783,0.00973368634169,0.00973558160365,0
20140731 015556267,0.00973359159796,0.00973548682302,0
20140731 015600283,0.00973349685608,0.00973539204424,0
20140731 015601267,0.00973359159796,0.00973548682302,0
20140731 015601533,0.00973349685608,0.00973539204424,0
20140731 015601783,0.00973359159796,0.00973548682302,0
20140731 015602267,0.00973349685608,0.00973539204424,0
20140731 015603033,0.00973359159796,0.00973548682302,0
20140731 015603267,0.00973349685608,0.00973539204424,0
20140731 015613533,0.00973359159796,0.00973548682302,0
20140731 015615533,0.00973349685608,0.00973539204424,0
20140731 015615783,0.00973359159796,0.00973548682302,0
20140731 015616783,0.00973349685608,0.00973539204424,0
20140731 015617267,0.00973359159796,0.00973548682302,0
20140731 015617533,0.00973349685608,0.00973539204424,0
20140731 015617783,0.00973340211604,0.0097352972673,0
20140731 015625033,0.0097332126415,0.00973510771897,0
20140731 015630283,0.00973311790699,0.00973501294757,0
20140731 015630533,0.0097332126415,0.00973510771897,0
20140731 015631017,0.00973311790699,0.00973501294757,0
20140731 015631283,0.0097332126415,0.00973510771897,0
20140731 015632033,0.00973330737785,0.00973520249221,0
20140731 015632283,0.0097332126415,0.00973510771897,0
20140731 015632533,0.00973330737785,0.00973520249221,0
20140731 015633033,0.0097332126415,0.00973510771897,0
20140731 015633283,0.00973330737785,0.00973520249221,0
20140731 015634033,0.0097332126415,0.00973510771897,0
20140731 015645783,0.00973330737785,0.00973520249221,0
20140731 015647783,0.00973340211604,0.0097352972673,0
20140731 015648533,0.00973330737785,0.00973520249221,0
20140731 015648783,0.00973340211604,0.0097352972673,0
20140731 015656283,0.00973349685608,0.00973539204424,0
20140731 015656533,0.00973340211604,0.0097352972673,0
20140731 015715283,0.0097332126415,0.00973510771897,0
20140731 015715533,0.00973330737785,0.00973520249221,0
20140731 015725533,0.00973340211604,0.0097352972673,0
20140731 015727283,0.0097332126415,0.00973510771897,0
20140731 015727533,0.00973330737785,0.00973520249221,0
20140731 015729533,0.0097332126415,0.00973510771897,0
20140731 015731783,0.00973330737785,0.00973520249221,0
20140731 015732033,0.0097332126415,0.00973510771897,0
20140731 015732533,0.00973330737785,0.00973520249221,0
20140731 015737533,0.0097332126415,0.00973510771897,0
20140731 015737783,0.00973330737785,0.00973520249221,0
20140731 015738017,0.0097332126415,0.00973510771897,0
20140731 015740283,0.00973330737785,0.00973520249221,0
20140731 015747267,0.00973340211604,0.0097352972673,0
20140731 015748283,0.00973349685608,0.00973539204424,0
20140731 015752533,0.00973340211604,0.0097352972673,0
20140731 015758033,0.00973330737785,0.00973520249221,0
20140731 015800283,0.0097332126415,0.00973510771897,0
20140731 015801033,0.00973311790699,0.00973501294757,0
20140731 015820033,0.00973302317433,0.00973491817801,0
20140731 015822533,0.00973311790699,0.00973501294757,0
20140731 015822783,0.00973302317433,0.00973491817801,0
20140731 015823533,0.00973292844351,0.0097348234103,0
20140731 015833283,0.00973302317433,0.00973491817801,0
20140731 015833533,0.0097332126415,0.00973510771897,0
20140731 015836283,0.00973311790699,0.00973501294757,0
20140731 015843297,0.00973330737785,0.00973520249221,0
20140731 015843783,0.00973311790699,0.00973501294757,0
20140731 015844033,0.0097332126415,0.00973510771897,0
20140731 015844283,0.00973311790699,0.00973501294757,0
20140731 015850033,0.0097332126415,0.00973510771897,0
20140731 015850533,0.00973311790699,0.00973501294757,0
20140731 015857533,0.0097332126415,0.00973510771897,0
20140731 015857783,0.00973340211604,0.0097352972673,0
20140731 015858283,0.00973330737785,0.00973520249221,0
20140731 015859283,0.0097332126415,0.00973510771897,0
20140731 015859533,0.00973330737785,0.00973520249221,0
20140731 015902783,0.0097332126415,0.00973510771897,0
20140731 015903283,0.00973311790699,0.00973501294757,0
20140731 015903783,0.00973302317433,0.00973491817801,0
20140731 015904033,0.00973311790699,0.00973501294757,0
20140731 015904783,0.00973302317433,0.00973491817801,0
20140731 015906783,0.00973292844351,0.0097348234103,0
20140731 015907033,0.00973302317433,0.00973491817801,0
20140731 015907533,0.00973292844351,0.0097348234103,0
20140731 015907783,0.00973302317433,0.00973491817801,0
20140731 015932517,0.00973292844351,0.0097348234103,0
20140731 015932767,0.00973273898741,0.00973463388042,0
20140731 015933017,0.00973254953868,0.00973444435792,0
20140731 015934017,0.00973245481708,0.00973434959943,0
20140731 015934517,0.00973226537941,0.009734160088,0
20140731 015939267,0.00973217066334,0.00973406533505,0
20140731 015950017,0.00973226537941,0.009734160088,0
20140731 015950267,0.00973217066334,0.00973406533505,0
20140731 015951267,0.00973226537941,0.009734160088,0
20140731 015955267,0.00973217066334,0.00973406533505,0
20140731 015955517,0.00973207594912,0.00973397058394,0
20140731 015956017,0.00973236009732,0.00973425484279,0
20140731 015956267,0.00973245481708,0.00973434959943,0
20140731 015957017,0.00973236009732,0.00973425484279,0
20140731 015957267,0.00973245481708,0.00973434959943,0
20140731 020000283,0.00973236009732,0.00973425484279,0
20140731 020000547,0.00973245481708,0.00973434959943,0
20140731 020001033,0.00973254953868,0.00973444435792,0
20140731 020001267,0.00973245481708,0.00973434959943,0
20140731 020001533,0.00973236009732,0.00973425484279,0
20140731 020001783,0.00973226537941,0.009734160088,0
20140731 020002267,0.00973236009732,0.00973425484279,0
20140731 020003017,0.00973226537941,0.009734160088,0
20140731 020003517,0.00973217066334,0.00973406533505,0
20140731 020006283,0.00973226537941,0.009734160088,0
20140731 020007547,0.00973217066334,0.00973406533505,0
20140731 020008033,0.00973198123674,0.00973387583468,0
20140731 020012517,0.0097318865262,0.00973378108726,0
20140731 020015033,0.00973198123674,0.00973387583468,0
20140731 020016783,0.0097318865262,0.00973378108726,0
20140731 020018783,0.00973198123674,0.00973387583468,0
20140731 020021033,0.0097318865262,0.00973378108726,0
20140731 020022033,0.00973198123674,0.00973387583468,0
20140731 020029783,0.00973207594912,0.00973397058394,0
20140731 020030033,0.00973217066334,0.00973406533505,0
20140731 020031017,0.00973207594912,0.00973397058394,0
20140731 020038530,0.00973198123674,0.00973387583468,0
20140731 020050030,0.0097318865262,0.00973378108726,0
20140731 020053297,0.00973179181751,0.00973368634169,0
20140731 020053530,0.00973198123674,0.00973387583468,0
20140731 020055547,0.00973217066334,0.00973406533505,0
20140731 020055797,0.00973207594912,0.00973397058394,0
20140731 020057030,0.00973217066334,0.00973406533505,0
20140731 020057280,0.00973207594912,0.00973397058394,0
20140731 020100530,0.00973217066334,0.00973406533505,0
20140731 020101030,0.00973207594912,0.00973397058394,0
20140731 020101280,0.00973217066334,0.00973406533505,0
20140731 020102030,0.00973207594912,0.00973397058394,0
20140731 020102280,0.00973217066334,0.00973406533505,0
20140731 020102530,0.00973207594912,0.00973397058394,0
20140731 020103280,0.00973217066334,0.00973406533505,0
20140731 020106030,0.00973236009732,0.00973425484279,0
20140731 020106280,0.00973254953868,0.00973444435792,0
20140731 020107280,0.00973264426212,0.00973453911825,0
20140731 020111297,0.00973254953868,0.00973444435792,0
20140731 020114030,0.00973264426212,0.00973453911825,0
20140731 020121047,0.00973254953868,0.00973444435792,0
20140731 020121797,0.00973245481708,0.00973434959943,0
20140731 020122017,0.00973236009732,0.00973425484279,0
20140731 020126030,0.00973245481708,0.00973434959943,0
20140731 020126280,0.00973254953868,0.00973444435792,0
20140731 020126767,0.00973264426212,0.00973453911825,0
20140731 020127030,0.00973254953868,0.00973444435792,0
20140731 020127780,0.00973264426212,0.00973453911825,0
20140731 020128047,0.00973292844351,0.0097348234103,0
20140731 020128280,0.00973302317433,0.00973491817801,0
20140731 020130280,0.00973311790699,0.00973501294757,0
20140731 020130530,0.00973302317433,0.00973491817801,0
20140731 020131517,0.00973311790699,0.00973501294757,0
20140731 020133017,0.00973302317433,0.00973491817801,0
20140731 020134017,0.00973311790699,0.00973501294757,0
20140731 020135267,0.00973292844351,0.0097348234103,0
20140731 020156530,0.00973283371454,0.00973472864444,0
20140731 020156780,0.00973264426212,0.00973453911825,0
20140731 020157030,0.00973254953868,0.00973444435792,0
20140731 020157530,0.00973264426212,0.00973453911825,0
20140731 020158030,0.00973254953868,0.00973444435792,0
20140731 020159530,0.00973264426212,0.00973453911825,0
20140731 020211030,0.00973254953868,0.00973444435792,0
20140731 020213780,0.00973245481708,0.00973434959943,0
20140731 020215517,0.00973254953868,0.00973444435792,0
20140731 020228780,0.00973264426212,0.00973453911825,0
20140731 020229030,0.00973254953868,0.00973444435792,0
20140731 020230030,0.00973264426212,0.00973453911825,0
20140731 020231030,0.00973254953868,0.00973444435792,0
20140731 020232297,0.00973264426212,0.00973453911825,0
20140731 020232547,0.00973311790699,0.00973501294757,0
20140731 020234280,0.00973302317433,0.00973491817801,0
20140731 020235530,0.00973264426212,0.00973453911825,0
20140731 020240297,0.00973254953868,0.00973444435792,0
20140731 020242017,0.00973264426212,0.00973453911825,0
20140731 020242267,0.00973292844351,0.0097348234103,0
20140731 020242517,0.00973302317433,0.00973491817801,0
20140731 020252030,0.00973311790699,0.00973501294757,0
20140731 020255517,0.00973302317433,0.00973491817801,0
20140731 020256267,0.00973311790699,0.00973501294757,0
20140731 020300030,0.00973302317433,0.00973491817801,0
20140731 020300280,0.00973292844351,0.0097348234103,0
20140731 020300517,0.00973302317433,0.00973491817801,0
20140731 020301517,0.00973283371454,0.00973472864444,0
20140731 020301780,0.00973273898741,0.00973463388042,0
20140731 020302047,0.00973264426212,0.00973453911825,0
20140731 020302517,0.00973273898741,0.00973463388042,0
20140731 020303030,0.00973302317433,0.00973491817801,0
20140731 020304267,0.00973311790699,0.00973501294757,0
20140731 020319017,0.0097332126415,0.00973510771897,0
20140731 020320030,0.00973311790699,0.00973501294757,0
20140731 020326030,0.0097332126415,0.00973510771897,0
20140731 020326280,0.00973311790699,0.00973501294757,0
20140731 020326530,0.00973330737785,0.00973520249221,0
20140731 020327030,0.00973340211604,0.0097352972673,0
20140731 020329767,0.0097332126415,0.00973510771897,0
20140731 020333530,0.00973330737785,0.00973520249221,0
20140731 020334530,0.00973349685608,0.00973539204424,0
20140731 020334780,0.00973340211604,0.0097352972673,0
20140731 020341780,0.0097332126415,0.00973510771897,0
20140731 020342280,0.00973330737785,0.00973520249221,0
20140731 020344280,0.00973311790699,0.00973501294757,0
20140731 020344780,0.00973302317433,0.00973491817801,0
20140731 020348017,0.00973311790699,0.00973501294757,0
20140731 020349517,0.00973302317433,0.00973491817801,0
20140731 020350280,0.00973311790699,0.00973501294757,0
20140731 020351017,0.0097332126415,0.00973510771897,0
20140731 020351517,0.00973311790699,0.00973501294757,0
20140731 020354280,0.00973302317433,0.00973491817801,0
20140731 020354530,0.00973292844351,0.0097348234103,0
20140731 020355530,0.00973273898741,0.00973463388042,0
20140731 020358030,0.00973283371454,0.00973472864444,0
20140731 020400780,0.00973264426212,0.00973453911825,0
20140731 020401030,0.00973254953868,0.00973444435792,0
20140731 020402280,0.00973245481708,0.00973434959943,0
20140731 020403280,0.00973254953868,0.00973444435792,0
20140731 020404030,0.00973245481708,0.00973434959943,0
20140731 020404530,0.00973236009732,0.00973425484279,0
20140731 020404780,0.00973226537941,0.009734160088,0
20140731 020408780,0.00973236009732,0.00973425484279,0
20140731 020409030,0.00973273898741,0.00973463388042,0
20140731 020409530,0.00973283371454,0.00973472864444,0
20140731 020412530,0.00973292844351,0.0097348234103,0
20140731 020417280,0.00973302317433,0.00973491817801,0
20140731 020417547,0.0097332126415,0.00973510771897,0
20140731 020421780,0.00973330737785,0.00973520249221,0
20140731 020423047,0.0097332126415,0.00973510771897,0
20140731 020427030,0.00973311790699,0.00973501294757,0
20140731 020427280,0.00973292844351,0.0097348234103,0
20140731 020430780,0.00973302317433,0.00973491817801,0
20140731 020431030,0.00973292844351,0.0097348234103,0
20140731 020432030,0.00973264426212,0.00973453911825,0
20140731 020432280,0.00973236009732,0.00973425484279,0
20140731 020433280,0.00973226537941,0.009734160088,0
20140731 020438780,0.00973245481708,0.00973434959943,0
20140731 020439780,0.00973236009732,0.00973425484279,0
20140731 020440513,0.00973217066334,0.00973406533505,0
20140731 020441013,0.00973236009732,0.00973425484279,0
20140731 020446530,0.00973217066334,0.00973406533505,0
20140731 020450013,0.00973226537941,0.009734160088,0
20140731 020455763,0.00973217066334,0.00973406533505,0
20140731 020507280,0.00973226537941,0.009734160088,0
20140731 020522030,0.00973236009732,0.00973425484279,0
20140731 020532030,0.00973226537941,0.009734160088,0
20140731 020532280,0.00973236009732,0.00973425484279,0
20140731 020532780,0.00973226537941,0.009734160088,0
20140731 020533780,0.00973236009732,0.00973425484279,0
20140731 020536030,0.00973226537941,0.009734160088,0
20140731 020536280,0.00973236009732,0.00973425484279,0
20140731 020538263,0.00973245481708,0.00973434959943,0
20140731 020538530,0.00973236009732,0.00973425484279,0
20140731 020538780,0.00973226537941,0.009734160088,0
20140731 020539530,0.00973236009732,0.00973425484279,0
20140731 020539780,0.00973226537941,0.009734160088,0
20140731 020540030,0.00973236009732,0.00973425484279,0
20140731 020542530,0.00973226537941,0.009734160088,0
20140731 020543530,0.00973236009732,0.00973425484279,0
20140731 020543780,0.00973226537941,0.009734160088,0
20140731 020544280,0.00973236009732,0.00973425484279,0
20140731 020544530,0.00973226537941,0.009734160088,0
20140731 020544780,0.00973236009732,0.00973425484279,0
20140731 020545530,0.00973226537941,0.009734160088,0
20140731 020550530,0.00973236009732,0.00973425484279,0
20140731 020551030,0.00973226537941,0.009734160088,0
20140731 020551280,0.00973236009732,0.00973425484279,0
20140731 020551530,0.00973226537941,0.009734160088,0
20140731 020557780,0.00973236009732,0.00973425484279,0
20140731 020558530,0.00973226537941,0.009734160088,0
20140731 020605530,0.00973236009732,0.00973425484279,0
20140731 020606030,0.00973226537941,0.009734160088,0
20140731 020608030,0.00973236009732,0.00973425484279,0
20140731 020608530,0.00973226537941,0.009734160088,0
20140731 020609030,0.00973236009732,0.00973425484279,0
20140731 020611530,0.00973245481708,0.00973434959943,0
20140731 020611780,0.00973236009732,0.00973425484279,0
20140731 020619030,0.00973254953868,0.00973444435792,0
20140731 020629547,0.00973273898741,0.00973463388042,0
20140731 020629763,0.00973283371454,0.00973472864444,0
20140731 020630030,0.00973302317433,0.00973491817801,0
20140731 020630280,0.00973292844351,0.0097348234103,0
20140731 020634280,0.00973273898741,0.00973463388042,0
20140731 020634763,0.00973264426212,0.00973453911825,0
20140731 020639030,0.00973254953868,0.00973444435792,0
20140731 020640280,0.00973264426212,0.00973453911825,0
20140731 020645280,0.00973254953868,0.00973444435792,0
20140731 020649297,0.00973236009732,0.00973425484279,0
20140731 020652780,0.00973254953868,0.00973444435792,0
20140731 020653280,0.00973264426212,0.00973453911825,0
20140731 020654530,0.00973273898741,0.00973463388042,0
20140731 020655280,0.00973283371454,0.00973472864444,0
20140731 020659030,0.00973273898741,0.00973463388042,0
20140731 020659530,0.00973283371454,0.00973472864444,0
20140731 020702280,0.00973292844351,0.0097348234103,0
20140731 020708780,0.00973302317433,0.00973491817801,0
20140731 020709280,0.00973292844351,0.0097348234103,0
20140731 020709530,0.00973302317433,0.00973491817801,0
20140731 020710030,0.00973292844351,0.0097348234103,0
20140731 020710280,0.00973302317433,0.00973491817801,0
20140731 020712530,0.00973311790699,0.00973501294757,0
20140731 020717780,0.00973302317433,0.00973491817801,0
20140731 020718030,0.00973311790699,0.00973501294757,0
20140731 020723030,0.00973302317433,0.00973491817801,0
20140731 020723530,0.00973311790699,0.00973501294757,0
20140731 020723780,0.00973302317433,0.00973491817801,0
20140731 020724530,0.00973311790699,0.00973501294757,0
20140731 020726530,0.00973302317433,0.00973491817801,0
20140731 020734780,0.00973311790699,0.00973501294757,0
20140731 020749780,0.00973302317433,0.00973491817801,0
20140731 020803530,0.00973292844351,0.0097348234103,0
20140731 020820263,0.00973302317433,0.00973491817801,0
20140731 020828027,0.00973273898741,0.00973463388042,0
20140731 020830027,0.00973283371454,0.00973472864444,0
20140731 020830277,0.00973273898741,0.00973463388042,0
20140731 020830777,0.00973264426212,0.00973453911825,0
20140731 020833527,0.00973254953868,0.00973444435792,0
20140731 020833777,0.00973245481708,0.00973434959943,0
20140731 020834513,0.00973236009732,0.00973425484279,0
20140731 020837027,0.00973226537941,0.009734160088,0
20140731 020839777,0.00973207594912,0.00973397058394,0
20140731 020847777,0.00973217066334,0.00973406533505,0
20140731 020851527,0.00973226537941,0.009734160088,0
20140731 020904013,0.00973198123674,0.00973387583468,0
20140731 020904293,0.00973160240565,0.00973349685608,0
20140731 020904513,0.00973150770249,0.00973340211604,0
20140731 020907027,0.00973131830169,0.0097332126415,0
20140731 020908543,0.00973141300117,0.00973330737785,0
20140731 020908777,0.00973131830169,0.0097332126415,0
20140731 020909277,0.00973141300117,0.00973330737785,0
20140731 020923293,0.00973169711066,0.00973359159796,0
20140731 020924027,0.0097318865262,0.00973378108726,0
20140731 020924277,0.00973207594912,0.00973397058394,0
20140731 020944527,0.0097318865262,0.00973378108726,0
20140731 020944777,0.00973160240565,0.00973349685608,0
20140731 020956277,0.00973169711066,0.00973359159796,0
20140731 020956527,0.00973198123674,0.00973387583468,0
20140731 020956777,0.00973217066334,0.00973406533505,0
20140731 020957027,0.00973207594912,0.00973397058394,0
20140731 020957277,0.00973217066334,0.00973406533505,0
20140731 020957777,0.00973207594912,0.00973397058394,0
20140731 020958027,0.00973217066334,0.00973406533505,0
20140731 020958277,0.00973207594912,0.00973397058394,0
20140731 020958527,0.00973217066334,0.00973406533505,0
20140731 020959277,0.00973226537941,0.009734160088,0
20140731 021006777,0.00973236009732,0.00973425484279,0
20140731 021007277,0.00973226537941,0.009734160088,0
20140731 021007543,0.00973217066334,0.00973406533505,0
20140731 021007777,0.00973226537941,0.009734160088,0
20140731 021008027,0.00973217066334,0.00973406533505,0
20140731 021008277,0.00973226537941,0.009734160088,0
20140731 021008527,0.00973236009732,0.00973425484279,0
20140731 021011277,0.00973226537941,0.009734160088,0
20140731 021012777,0.00973236009732,0.00973425484279,0
20140731 021015277,0.00973226537941,0.009734160088,0
20140731 021015527,0.00973236009732,0.00973425484279,0
20140731 021016043,0.00973245481708,0.00973434959943,0
20140731 021016527,0.00973254953868,0.00973444435792,0
20140731 021018027,0.00973264426212,0.00973453911825,0
20140731 021024293,0.00973283371454,0.00973472864444,0
20140731 021024513,0.00973311790699,0.00973501294757,0
20140731 021024777,0.00973330737785,0.00973520249221,0
20140731 021025013,0.00973311790699,0.00973501294757,0
20140731 021027277,0.00973302317433,0.00973491817801,0
20140731 021027513,0.00973283371454,0.00973472864444,0
20140731 021027763,0.00973273898741,0.00973463388042,0
20140731 021028763,0.00973283371454,0.00973472864444,0
20140731 021029013,0.00973292844351,0.0097348234103,0
20140731 021030263,0.00973273898741,0.00973463388042,0
20140731 021032763,0.00973264426212,0.00973453911825,0
20140731 021033263,0.00973254953868,0.00973444435792,0
20140731 021037263,0.00973245481708,0.00973434959943,0
20140731 021037513,0.00973236009732,0.00973425484279,0
20140731 021037777,0.00973226537941,0.009734160088,0
20140731 021038013,0.00973236009732,0.00973425484279,0
20140731 021055027,0.00973245481708,0.00973434959943,0
20140731 021057027,0.00973254953868,0.00973444435792,0
20140731 021058277,0.00973245481708,0.00973434959943,0
20140731 021102777,0.00973226537941,0.009734160088,0
20140731 021103043,0.00973217066334,0.00973406533505,0
20140731 021103277,0.00973207594912,0.00973397058394,0
20140731 021120277,0.00973226537941,0.009734160088,0
20140731 021120777,0.00973217066334,0.00973406533505,0
20140731 021121027,0.00973207594912,0.00973397058394,0
20140731 021125027,0.00973217066334,0.00973406533505,0
20140731 021125277,0.00973198123674,0.00973387583468,0
20140731 021125527,0.00973207594912,0.00973397058394,0
20140731 021128527,0.00973198123674,0.00973387583468,0
20140731 021128777,0.00973207594912,0.00973397058394,0
20140731 021134027,0.00973198123674,0.00973387583468,0
20140731 021136527,0.00973207594912,0.00973397058394,0
20140731 021139027,0.00973198123674,0.00973387583468,0
20140731 021139277,0.00973217066334,0.00973406533505,0
20140731 021139513,0.00973207594912,0.00973397058394,0
20140731 021139777,0.00973217066334,0.00973406533505,0
20140731 021140527,0.00973207594912,0.00973397058394,0
20140731 021142027,0.00973217066334,0.00973406533505,0
20140731 021142277,0.00973226537941,0.009734160088,0
20140731 021143793,0.00973207594912,0.00973397058394,0
20140731 021144027,0.00973217066334,0.00973406533505,0
20140731 021144777,0.00973207594912,0.00973397058394,0
20140731 021145277,0.00973217066334,0.00973406533505,0
20140731 021145543,0.00973207594912,0.00973397058394,0
20140731 021204777,0.00973198123674,0.00973387583468,0
20140731 021215027,0.00973207594912,0.00973397058394,0
20140731 021217277,0.00973179181751,0.00973368634169,0
20140731 021217527,0.00973160240565,0.00973349685608,0
20140731 021217777,0.00973169711066,0.00973359159796,0
20140731 021219543,0.00973131830169,0.0097332126415,0
20140731 021219777,0.00973093952221,0.00973283371454,0
20140731 021220043,0.00973075014353,0.00973264426212,0
20140731 021220777,0.00973093952221,0.00973283371454,0
20140731 021221277,0.00973103421432,0.00973292844351,0
20140731 021223527,0.00973112890826,0.00973302317433,0
20140731 021225277,0.00973122360406,0.00973311790699,0
20140731 021225527,0.00973131830169,0.0097332126415,0
20140731 021227543,0.00973122360406,0.00973311790699,0
20140731 021227777,0.00973131830169,0.0097332126415,0
20140731 021228027,0.00973122360406,0.00973311790699,0
20140731 021229527,0.00973112890826,0.00973302317433,0
20140731 021231027,0.00973122360406,0.00973311790699,0
20140731 021231777,0.00973112890826,0.00973302317433,0
20140731 021232277,0.00973103421432,0.00973292844351,0
20140731 021233777,0.00973112890826,0.00973302317433,0
20140731 021234027,0.00973103421432,0.00973292844351,0
20140731 021242527,0.00973112890826,0.00973302317433,0
20140731 021243777,0.00973103421432,0.00973292844351,0
20140731 021247027,0.00973112890826,0.00973302317433,0
20140731 021247777,0.00973103421432,0.00973292844351,0
20140731 021249277,0.00973112890826,0.00973302317433,0
20140731 021253277,0.00973103421432,0.00973292844351,0
20140731 021253527,0.00973112890826,0.00973302317433,0
20140731 021253777,0.00973122360406,0.00973311790699,0
20140731 021254777,0.00973131830169,0.0097332126415,0
20140731 021255010,0.00973141300117,0.00973330737785,0
20140731 021255777,0.00973131830169,0.0097332126415,0
20140731 021256027,0.00973150770249,0.00973340211604,0
20140731 021256777,0.00973131830169,0.0097332126415,0
20140731 021257027,0.00973141300117,0.00973330737785,0
20140731 021257277,0.00973131830169,0.0097332126415,0
20140731 021257777,0.00973122360406,0.00973311790699,0
20140731 021258027,0.00973112890826,0.00973302317433,0
20140731 021300027,0.00973103421432,0.00973292844351,0
20140731 021300277,0.00973112890826,0.00973302317433,0
20140731 021304027,0.00973122360406,0.00973311790699,0
20140731 021309777,0.00973141300117,0.00973330737785,0
20140731 021310027,0.00973160240565,0.00973349685608,0
20140731 021313277,0.00973131830169,0.0097332126415,0
20140731 021313527,0.00973122360406,0.00973311790699,0
20140731 021316777,0.00973112890826,0.00973302317433,0
20140731 021317027,0.00973122360406,0.00973311790699,0
20140731 021332027,0.00973112890826,0.00973302317433,0
20140731 021342527,0.00973103421432,0.00973292844351,0
20140731 021347543,0.00973084483195,0.00973273898741,0
20140731 021347777,0.00973065545695,0.00973254953868,0
20140731 021348027,0.00973075014353,0.00973264426212,0
20140731 021354260,0.00973065545695,0.00973254953868,0
20140731 021355510,0.00973056077222,0.00973245481708,0
20140731 021356293,0.00973046608933,0.00973236009732,0
20140731 021402010,0.00973027672907,0.00973217066334,0
20140731 021404260,0.00973018205171,0.00973207594912,0
20140731 021405010,0.00973027672907,0.00973217066334,0
20140731 021407760,0.00973018205171,0.00973207594912,0
20140731 021410277,0.00973008737618,0.00973198123674,0
20140731 021411027,0.00972989803067,0.00973179181751,0
20140731 021411543,0.00972980336067,0.00973169711066,0
20140731 021412027,0.00972970869252,0.00973160240565,0
20140731 021412277,0.00972989803067,0.00973179181751,0
20140731 021412527,0.00972999270251,0.0097318865262,0
20140731 021414043,0.00972989803067,0.00973179181751,0
20140731 021414277,0.00972999270251,0.0097318865262,0
20140731 021415777,0.00973008737618,0.00973198123674,0
